
<record>
  <leader>03265cam a22003978i 4500</leader>
  <controlfield tag="001">21349538</controlfield>
  <controlfield tag="005">20200102163449.0</controlfield>
  <controlfield tag="008">200102s2020    nyu      b    001 0 eng  </controlfield>
  <datafield tag="906" ind1=" " ind2=" ">
    <subfield code="a">7</subfield>
    <subfield code="b">cbc</subfield>
    <subfield code="c">orignew</subfield>
    <subfield code="d">1</subfield>
    <subfield code="e">ecip</subfield>
    <subfield code="f">20</subfield>
    <subfield code="g">y-gencatlg</subfield>
  </datafield>
  <datafield tag="925" ind1="0" ind2=" ">
    <subfield code="a">acquire</subfield>
    <subfield code="b">1 shelf copy</subfield>
    <subfield code="x">policy default</subfield>
  </datafield>
  <datafield tag="955" ind1=" " ind2=" ">
    <subfield code="b">NIC 2020-01-02</subfield>
    <subfield code="e">re06 2010-01-02 (telework) to Dewey</subfield>
    <subfield code="w">xm06 2020-01-02</subfield>
  </datafield>
  <datafield tag="010" ind1=" " ind2=" ">
    <subfield code="a">  2019059779</subfield>
  </datafield>
  <datafield tag="020" ind1=" " ind2=" ">
    <subfield code="a">9780367337971</subfield>
    <subfield code="q">(hardback)</subfield>
  </datafield>
  <datafield tag="020" ind1=" " ind2=" ">
    <subfield code="z">9780429322013</subfield>
    <subfield code="q">(ebook)</subfield>
  </datafield>
  <datafield tag="040" ind1=" " ind2=" ">
    <subfield code="a">NIC/DLC</subfield>
    <subfield code="b">eng</subfield>
    <subfield code="e">rda</subfield>
    <subfield code="c">DLC</subfield>
  </datafield>
  <datafield tag="042" ind1=" " ind2=" ">
    <subfield code="a">pcc</subfield>
  </datafield>
  <datafield tag="043" ind1=" " ind2=" ">
    <subfield code="a">a-br---</subfield>
  </datafield>
  <datafield tag="050" ind1="0" ind2="0">
    <subfield code="a">JC489</subfield>
    <subfield code="b">.H83 2020</subfield>
  </datafield>
  <datafield tag="082" ind1="0" ind2="0">
    <subfield code="a">320.9591</subfield>
    <subfield code="2">23</subfield>
  </datafield>
  <datafield tag="100" ind1="1" ind2=" ">
    <subfield code="a">Huang, Roger Lee,</subfield>
    <subfield code="e">author.</subfield>
  </datafield>
  <datafield tag="245" ind1="1" ind2="4">
    <subfield code="a">The paradox of Myanmar&apos;s regime change /</subfield>
    <subfield code="c">Roger Lee Huang.</subfield>
  </datafield>
  <datafield tag="263" ind1=" " ind2=" ">
    <subfield code="a">2005</subfield>
  </datafield>
  <datafield tag="264" ind1=" " ind2="1">
    <subfield code="a">NY :</subfield>
    <subfield code="b">Routledge,</subfield>
    <subfield code="c">2020.</subfield>
  </datafield>
  <datafield tag="300" ind1=" " ind2=" ">
    <subfield code="a">pages cm</subfield>
  </datafield>
  <datafield tag="336" ind1=" " ind2=" ">
    <subfield code="a">text</subfield>
    <subfield code="b">txt</subfield>
    <subfield code="2">rdacontent</subfield>
  </datafield>
  <datafield tag="337" ind1=" " ind2=" ">
    <subfield code="a">unmediated</subfield>
    <subfield code="b">n</subfield>
    <subfield code="2">rdamedia</subfield>
  </datafield>
  <datafield tag="338" ind1=" " ind2=" ">
    <subfield code="a">volume</subfield>
    <subfield code="b">nc</subfield>
    <subfield code="2">rdacarrier</subfield>
  </datafield>
  <datafield tag="504" ind1=" " ind2=" ">
    <subfield code="a">Includes bibliographical references and index.</subfield>
  </datafield>
  <datafield tag="505" ind1="0" ind2=" ">
    <subfield code="a">Introduction to Myanmar&apos;s Paradoxical Regime Change -- Myanmar&apos;s Trial and Error Praetorian Regime -- The Origins of Contemporary Myanmar -- The Evolution of Myanmar&apos;s Military Regime -- A Disciplined Society for a Disciplined Democracy -- The International Dimension of Myanmar&apos;s Regime Change -- Myanmar&apos;s Way to Democracy.</subfield>
  </datafield>
  <datafield tag="520" ind1=" " ind2=" ">
    <subfield code="a">&quot;This book analyses Myanmar&apos;s contemporary political history, arguing that Myanmar&apos;s so-called &quot;democratization&quot; has always been a calculated regime transition, planned by the military, with every intention for the military to remain the key permanent political actor in Myanmar&apos;s political regime. Using Myanmar&apos;s regime change since 2011 as an extended case study, the book offers an original theory of regime transition. The author argues that Myanmar&apos;s ongoing regime transition has not diverged from its authoritarian military root and explains how the military has long planned its voluntary partial withdrawal from direct politics. As a consequence, Myanmar&apos;s &quot;disciplined democracy&quot; contains features of democratic politics, but at its core, remains authoritarian. Providing an original contribution to the theoretical literature on regime change by developing a theory of trial and error regime transition, the book engages with and challenges the popular democratization theory by arguing that this theory does not sufficiently explain hybrid regimes or authoritarian durability. Additionally, the book adds to an alternative understanding of how the regime transition was initiated by examining the historical evolution of Myanmar&apos;s post-colonial regime and offers a fresh perspective on contemporary political developments in Myanmar. An important contribution to the study of authoritarian durability and the dynamics of regime change in Southeast Asia, this book will be of interest to academic researchers of comparative politics, international relations, and Southeast Asian studies.&quot;--</subfield>
    <subfield code="c">Provided by publisher.</subfield>
  </datafield>
  <datafield tag="650" ind1=" " ind2="0">
    <subfield code="a">Regime change</subfield>
    <subfield code="z">Burma</subfield>
    <subfield code="y">21st century.</subfield>
  </datafield>
  <datafield tag="650" ind1=" " ind2="0">
    <subfield code="a">Political stability</subfield>
    <subfield code="z">Burma</subfield>
    <subfield code="y">21st century.</subfield>
  </datafield>
  <datafield tag="650" ind1=" " ind2="0">
    <subfield code="a">Democratization</subfield>
    <subfield code="z">Burma</subfield>
    <subfield code="y">21st century.</subfield>
  </datafield>
  <datafield tag="650" ind1=" " ind2="0">
    <subfield code="a">Authoritarianism</subfield>
    <subfield code="z">Burma</subfield>
    <subfield code="y">21st century.</subfield>
  </datafield>
  <datafield tag="651" ind1=" " ind2="0">
    <subfield code="a">Burma</subfield>
    <subfield code="x">Politics and government</subfield>
    <subfield code="y">21st century.</subfield>
  </datafield>
  <datafield tag="985" ind1=" " ind2=" ">
    <subfield code="a">NICCIP</subfield>
    <subfield code="d">2020-01-02</subfield>
  </datafield>
</record>