
<record>
  <leader>02459cam a22004333i 4500</leader>
  <controlfield tag="001">21349541</controlfield>
  <controlfield tag="005">20200102123128.0</controlfield>
  <controlfield tag="008">200102s2018    nyu           000 1 eng d</controlfield>
  <datafield tag="906" ind1=" " ind2=" ">
    <subfield code="a">7</subfield>
    <subfield code="b">cbc</subfield>
    <subfield code="c">copycat</subfield>
    <subfield code="d">2</subfield>
    <subfield code="e">ncip</subfield>
    <subfield code="f">20</subfield>
    <subfield code="g">y-genrareb</subfield>
  </datafield>
  <datafield tag="925" ind1="0" ind2=" ">
    <subfield code="a">acquire</subfield>
    <subfield code="b">1 copy only regardless of location</subfield>
    <subfield code="x">policy default</subfield>
  </datafield>
  <datafield tag="955" ind1=" " ind2=" ">
    <subfield code="b">he08 2020-01-02</subfield>
    <subfield code="h">he08 2020-01-02</subfield>
  </datafield>
  <datafield tag="010" ind1=" " ind2=" ">
    <subfield code="a">  2018658457</subfield>
  </datafield>
  <datafield tag="020" ind1=" " ind2=" ">
    <subfield code="a">9781250131720</subfield>
    <subfield code="q">(mass market paperback)</subfield>
  </datafield>
  <datafield tag="020" ind1=" " ind2=" ">
    <subfield code="a">1250131723</subfield>
    <subfield code="q">(mass market paperback)</subfield>
  </datafield>
  <datafield tag="035" ind1=" " ind2=" ">
    <subfield code="a">(OCoLC)on1016968060</subfield>
  </datafield>
  <datafield tag="040" ind1=" " ind2=" ">
    <subfield code="a">YDX</subfield>
    <subfield code="b">eng</subfield>
    <subfield code="c">YDX</subfield>
    <subfield code="e">rda</subfield>
    <subfield code="d">BDX</subfield>
    <subfield code="d">CCE</subfield>
    <subfield code="d">UAP</subfield>
    <subfield code="d">GO4</subfield>
    <subfield code="d">ZHB</subfield>
    <subfield code="d">CO2</subfield>
    <subfield code="d">OCLCF</subfield>
    <subfield code="d">JTH</subfield>
    <subfield code="d">TXJBN</subfield>
    <subfield code="d">SXP</subfield>
    <subfield code="d">T7L</subfield>
    <subfield code="d">OCLCQ</subfield>
    <subfield code="d">OCLCO</subfield>
    <subfield code="d">Y#4</subfield>
    <subfield code="d">OCLCO</subfield>
    <subfield code="d">HMO</subfield>
    <subfield code="d">NZIPP</subfield>
    <subfield code="d">OCLCO</subfield>
    <subfield code="d">PLS</subfield>
    <subfield code="d">NZAUC</subfield>
    <subfield code="d">JX5</subfield>
    <subfield code="d">OCLCO</subfield>
    <subfield code="d">BYV</subfield>
    <subfield code="d">OCLCO</subfield>
    <subfield code="d">ZQP</subfield>
    <subfield code="d">OCLCO</subfield>
    <subfield code="d">YVV</subfield>
    <subfield code="d">OCLCO</subfield>
    <subfield code="d">DLC</subfield>
  </datafield>
  <datafield tag="042" ind1=" " ind2=" ">
    <subfield code="a">lccopycat</subfield>
  </datafield>
  <datafield tag="050" ind1="0" ind2="0">
    <subfield code="a">CPB Box no. 4246 vol. 4</subfield>
  </datafield>
  <datafield tag="100" ind1="1" ind2=" ">
    <subfield code="a">March, Emily,</subfield>
    <subfield code="e">author.</subfield>
  </datafield>
  <datafield tag="245" ind1="1" ind2="4">
    <subfield code="a">The Christmas wishing tree /</subfield>
    <subfield code="c">Emily March.</subfield>
  </datafield>
  <datafield tag="250" ind1=" " ind2=" ">
    <subfield code="a">St. Martin&apos;s paperbacks edition.</subfield>
  </datafield>
  <datafield tag="264" ind1=" " ind2="1">
    <subfield code="a">New York :</subfield>
    <subfield code="b">St. Martin&apos;s Press,</subfield>
    <subfield code="c">2018.</subfield>
  </datafield>
  <datafield tag="300" ind1=" " ind2=" ">
    <subfield code="a">313 pages ;</subfield>
    <subfield code="c">18 cm.</subfield>
  </datafield>
  <datafield tag="336" ind1=" " ind2=" ">
    <subfield code="a">text</subfield>
    <subfield code="b">txt</subfield>
    <subfield code="2">rdacontent</subfield>
  </datafield>
  <datafield tag="337" ind1=" " ind2=" ">
    <subfield code="a">unmediated</subfield>
    <subfield code="b">n</subfield>
    <subfield code="2">rdamedia</subfield>
  </datafield>
  <datafield tag="338" ind1=" " ind2=" ">
    <subfield code="a">volume</subfield>
    <subfield code="b">nc</subfield>
    <subfield code="2">rdacarrier</subfield>
  </datafield>
  <datafield tag="490" ind1="1" ind2=" ">
    <subfield code="a">An Eternity Springs novel</subfield>
  </datafield>
  <datafield tag="490" ind1="0" ind2=" ">
    <subfield code="a">St. Martin&apos;s paperbacks Romance</subfield>
  </datafield>
  <datafield tag="490" ind1="0" ind2=" ">
    <subfield code="a">St. Martin&apos;s paperbacks</subfield>
  </datafield>
  <datafield tag="520" ind1=" " ind2=" ">
    <subfield code="a">A man who loves adventure and the open sea, Devin Murphy returns for a short Christmas trip to his small hometown of Eternity Springs. Immersed in the joy and magic of the holiday season all around him, he doesn&apos;t hesitate to play along when a young boy phones Santa to ask for a very special wish. Devin never guesses that a wrong number has the potential to make everything in his life so right. A man who loves adventure and the open sea, Devin Murphy returns for a short Christmas trip to his small hometown of Eternity Springs. Immersed in the joy and magic of the holiday season all around him, he doesn&apos;t hesitate to play along when a young boy phones Santa to ask for a very special wish. Devin never guesses that a wrong number has the potential to make everything in his life so right.</subfield>
  </datafield>
  <datafield tag="650" ind1=" " ind2="0">
    <subfield code="a">Adopted children</subfield>
    <subfield code="v">Fiction.</subfield>
  </datafield>
  <datafield tag="650" ind1=" " ind2="0">
    <subfield code="a">Single parents</subfield>
    <subfield code="v">Fiction.</subfield>
  </datafield>
  <datafield tag="650" ind1=" " ind2="0">
    <subfield code="a">Man-woman relationships</subfield>
    <subfield code="v">Fiction.</subfield>
  </datafield>
  <datafield tag="650" ind1=" " ind2="0">
    <subfield code="a">Christmas fiction.</subfield>
  </datafield>
  <datafield tag="650" ind1=" " ind2="0">
    <subfield code="a">Romance fiction.</subfield>
  </datafield>
  <datafield tag="655" ind1=" " ind2="7">
    <subfield code="a">Christmas stories.</subfield>
    <subfield code="2">lcsh</subfield>
  </datafield>
  <datafield tag="655" ind1=" " ind2="7">
    <subfield code="a">Love stories.</subfield>
    <subfield code="2">gsafd</subfield>
  </datafield>
  <datafield tag="710" ind1="2" ind2=" ">
    <subfield code="a">Copyright Paperback Collection (Library of Congress)</subfield>
    <subfield code="5">DLC</subfield>
  </datafield>
  <datafield tag="800" ind1="1" ind2=" ">
    <subfield code="a">March, Emily.</subfield>
    <subfield code="t">Eternity Springs novel.</subfield>
  </datafield>
</record>