
<record>
  <leader>01566cam a22002895a 4500</leader>
  <controlfield tag="001">21349548</controlfield>
  <controlfield tag="005">20200102123016.0</controlfield>
  <controlfield tag="008">200102s2018    meu           000 1 eng  </controlfield>
  <datafield tag="906" ind1=" " ind2=" ">
    <subfield code="a">0</subfield>
    <subfield code="b">ibc</subfield>
    <subfield code="c">origres</subfield>
    <subfield code="d">2</subfield>
    <subfield code="e">ncip</subfield>
    <subfield code="f">20</subfield>
    <subfield code="g">y-gencatlg</subfield>
  </datafield>
  <datafield tag="925" ind1="0" ind2=" ">
    <subfield code="a">acquire</subfield>
    <subfield code="b">* shelf copies</subfield>
    <subfield code="x">policy default</subfield>
  </datafield>
  <datafield tag="955" ind1=" " ind2=" ">
    <subfield code="b">xk15 2020-01-02 z-processor</subfield>
  </datafield>
  <datafield tag="010" ind1=" " ind2=" ">
    <subfield code="a">  2019457926</subfield>
  </datafield>
  <datafield tag="020" ind1=" " ind2=" ">
    <subfield code="a">9781633811522</subfield>
  </datafield>
  <datafield tag="020" ind1=" " ind2=" ">
    <subfield code="a">1633811522</subfield>
  </datafield>
  <datafield tag="040" ind1=" " ind2=" ">
    <subfield code="a">DLC</subfield>
    <subfield code="c">DLC</subfield>
  </datafield>
  <datafield tag="042" ind1=" " ind2=" ">
    <subfield code="a">pcc</subfield>
  </datafield>
  <datafield tag="100" ind1="1" ind2=" ">
    <subfield code="a">Bridgford, Peter,</subfield>
    <subfield code="e">author.</subfield>
  </datafield>
  <datafield tag="245" ind1="1" ind2="0">
    <subfield code="a">Sweating through /</subfield>
    <subfield code="c">Peter Bridgford.</subfield>
  </datafield>
  <datafield tag="264" ind1=" " ind2="3">
    <subfield code="a">Thomaston, ME :</subfield>
    <subfield code="b">Maine Authors Publishing,</subfield>
    <subfield code="c">[2018]</subfield>
  </datafield>
  <datafield tag="264" ind1=" " ind2="4">
    <subfield code="c">©2018</subfield>
  </datafield>
  <datafield tag="300" ind1=" " ind2=" ">
    <subfield code="a">259 pages ;</subfield>
    <subfield code="c">23 cm</subfield>
  </datafield>
  <datafield tag="336" ind1=" " ind2=" ">
    <subfield code="a">text</subfield>
    <subfield code="b">txt</subfield>
    <subfield code="2">rdacontent</subfield>
  </datafield>
  <datafield tag="337" ind1=" " ind2=" ">
    <subfield code="a">unmediated</subfield>
    <subfield code="b">n</subfield>
    <subfield code="2">rdamedia</subfield>
  </datafield>
  <datafield tag="338" ind1=" " ind2=" ">
    <subfield code="a">volume</subfield>
    <subfield code="b">nc</subfield>
    <subfield code="2">rdacarrier</subfield>
  </datafield>
  <datafield tag="546" ind1=" " ind2=" ">
    <subfield code="a">Text in English.</subfield>
  </datafield>
  <datafield tag="520" ind1=" " ind2=" ">
    <subfield code="a">&quot;This sequel to Hauling Through takes place a decade after the original story. During that time, a lot has changed. Jamie Kurtz now finds himself as the historical researcher for a small non-profit organization charged with the archaeological recovery of a mysterious shipwreck in their town of Verdant Beach, Florida...But when this new life is suddenly blindsided with the appearance of Bill Hand, the aloof millionaire who has been on the run since launching a satellite killing missile ten years ago, and the rest of the characters of Kestrel Cove, who are in Florida to fulfill the weird dying wishes of one of their own, secrets are revealed, romances are renewed, and all hell breaks loose.&quot; --supplied by the author.</subfield>
  </datafield>
  <datafield tag="650" ind1=" " ind2="0">
    <subfield code="a">Shipwrecks</subfield>
    <subfield code="v">Fiction.</subfield>
  </datafield>
</record>