
<record>
  <leader>01762cjm a2200421 a 4500</leader>
  <controlfield tag="001">21349560</controlfield>
  <controlfield tag="005">20200102145955.0</controlfield>
  <controlfield tag="007">sd fsngnnmmned</controlfield>
  <controlfield tag="008">200102s1995    nyucyn|  di       | eng d</controlfield>
  <datafield tag="906" ind1=" " ind2=" ">
    <subfield code="a">0</subfield>
    <subfield code="b">ibc</subfield>
    <subfield code="c">copycat</subfield>
    <subfield code="d">2</subfield>
    <subfield code="e">ncip</subfield>
    <subfield code="f">20</subfield>
    <subfield code="g">y-soundrec</subfield>
  </datafield>
  <datafield tag="925" ind1="0" ind2=" ">
    <subfield code="a">acquire</subfield>
    <subfield code="b">2 shelf copies</subfield>
    <subfield code="x">policy default</subfield>
  </datafield>
  <datafield tag="955" ind1=" " ind2=" ">
    <subfield code="a">qr36 2020-01-02 z-client</subfield>
    <subfield code="i">qr36 2020-01-02</subfield>
  </datafield>
  <datafield tag="010" ind1=" " ind2=" ">
    <subfield code="a">  2020615205</subfield>
  </datafield>
  <datafield tag="024" ind1="1" ind2=" ">
    <subfield code="a">020831136723</subfield>
  </datafield>
  <datafield tag="024" ind1="1" ind2="0">
    <subfield code="a">731452853622</subfield>
  </datafield>
  <datafield tag="028" ind1="0" ind2="1">
    <subfield code="a">P2 28536</subfield>
    <subfield code="b">Mercury</subfield>
  </datafield>
  <datafield tag="028" ind1="0" ind2="1">
    <subfield code="a">314-528 536-2</subfield>
    <subfield code="b">Mercury</subfield>
  </datafield>
  <datafield tag="035" ind1=" " ind2=" ">
    <subfield code="a">(OCoLC)ocm33381955</subfield>
  </datafield>
  <datafield tag="040" ind1=" " ind2=" ">
    <subfield code="a">OCO</subfield>
    <subfield code="b">eng</subfield>
    <subfield code="c">OCO</subfield>
    <subfield code="d">BTCTA</subfield>
    <subfield code="d">VVW</subfield>
    <subfield code="d">JO7</subfield>
    <subfield code="d">OCLCQ</subfield>
    <subfield code="d">OCLCF</subfield>
    <subfield code="d">OCL</subfield>
    <subfield code="d">OCLCQ</subfield>
    <subfield code="d">SHM</subfield>
    <subfield code="d">IAD</subfield>
    <subfield code="d">DLC</subfield>
  </datafield>
  <datafield tag="042" ind1=" " ind2=" ">
    <subfield code="a">lccopycat</subfield>
  </datafield>
  <datafield tag="050" ind1="0" ind2="0">
    <subfield code="a">SDD 32448</subfield>
  </datafield>
  <datafield tag="082" ind1="0" ind2="4">
    <subfield code="a">781.642</subfield>
  </datafield>
  <datafield tag="100" ind1="1" ind2=" ">
    <subfield code="a">Kershaw, Sammy.</subfield>
    <subfield code="4">prf</subfield>
  </datafield>
  <datafield tag="245" ind1="1" ind2="4">
    <subfield code="a">The hits :</subfield>
    <subfield code="b">chapter 1 /</subfield>
    <subfield code="c">Sammy Kershaw.</subfield>
  </datafield>
  <datafield tag="246" ind1="3" ind2="0">
    <subfield code="a">Chapter 1</subfield>
  </datafield>
  <datafield tag="246" ind1="3" ind2=" ">
    <subfield code="a">Chapter one</subfield>
  </datafield>
  <datafield tag="260" ind1=" " ind2=" ">
    <subfield code="a">New York, NY :</subfield>
    <subfield code="b">Mercury,</subfield>
    <subfield code="c">℗1995.</subfield>
  </datafield>
  <datafield tag="300" ind1=" " ind2=" ">
    <subfield code="a">1 audio disc :</subfield>
    <subfield code="b">digital ;</subfield>
    <subfield code="c">4 3/4 in.</subfield>
  </datafield>
  <datafield tag="336" ind1=" " ind2=" ">
    <subfield code="a">performed music</subfield>
    <subfield code="b">prm</subfield>
    <subfield code="2">rdacontent</subfield>
  </datafield>
  <datafield tag="337" ind1=" " ind2=" ">
    <subfield code="a">audio</subfield>
    <subfield code="b">s</subfield>
    <subfield code="2">rdamedia</subfield>
  </datafield>
  <datafield tag="338" ind1=" " ind2=" ">
    <subfield code="a">audio disc</subfield>
    <subfield code="b">sd</subfield>
    <subfield code="2">rdacarrier</subfield>
  </datafield>
  <datafield tag="511" ind1="0" ind2=" ">
    <subfield code="a">Sammy Kershaw, vocals ; with vocal and instrumental acc.</subfield>
  </datafield>
  <datafield tag="500" ind1=" " ind2=" ">
    <subfield code="a">Compact disc.</subfield>
  </datafield>
  <datafield tag="500" ind1=" " ind2=" ">
    <subfield code="a">Credits and lyrics on container insert.</subfield>
  </datafield>
  <datafield tag="505" ind1="0" ind2="0">
    <subfield code="t">Cadillac style</subfield>
    <subfield code="g">(2:54) --</subfield>
    <subfield code="t">Don&apos;t go near the water</subfield>
    <subfield code="g">(3:04) --</subfield>
    <subfield code="t">Yard sale</subfield>
    <subfield code="g">(3:28) --</subfield>
    <subfield code="t">Anywhere but here</subfield>
    <subfield code="g">(2:29) --</subfield>
    <subfield code="t">She don&apos;t know she&apos;s beautiful</subfield>
    <subfield code="g">(2:54) --</subfield>
    <subfield code="t">Haunted heart</subfield>
    <subfield code="g">(2:46) --</subfield>
    <subfield code="t">Queen of my double wide trailer</subfield>
    <subfield code="g">(3:31) --</subfield>
    <subfield code="t">I can&apos;t reach her anymore</subfield>
    <subfield code="g">(3:22) --</subfield>
    <subfield code="t">National working woman&apos;s holiday</subfield>
    <subfield code="g">(3:09) --</subfield>
    <subfield code="t">Third rate romance</subfield>
    <subfield code="g">(3:21) --</subfield>
    <subfield code="t">Your tattoo</subfield>
    <subfield code="g">(2:22) --</subfield>
    <subfield code="t">Still lovin&apos; you</subfield>
    <subfield code="g">(4:05).</subfield>
  </datafield>
  <datafield tag="650" ind1=" " ind2="0">
    <subfield code="a">Country music</subfield>
    <subfield code="y">1991-2000.</subfield>
  </datafield>
  <datafield tag="650" ind1=" " ind2="7">
    <subfield code="a">Country music.</subfield>
    <subfield code="2">fast</subfield>
    <subfield code="0">(OCoLC)fst00881424</subfield>
  </datafield>
  <datafield tag="648" ind1=" " ind2="7">
    <subfield code="a">1991-2000</subfield>
    <subfield code="2">fast</subfield>
  </datafield>
</record>