
<record>
  <leader>02799cam a22004813i 4500</leader>
  <controlfield tag="001">21349569</controlfield>
  <controlfield tag="005">20200102125336.0</controlfield>
  <controlfield tag="008">200102s2018    nyu           000 f eng d</controlfield>
  <datafield tag="906" ind1=" " ind2=" ">
    <subfield code="a">7</subfield>
    <subfield code="b">cbc</subfield>
    <subfield code="c">copycat</subfield>
    <subfield code="d">2</subfield>
    <subfield code="e">ncip</subfield>
    <subfield code="f">20</subfield>
    <subfield code="g">y-genrareb</subfield>
  </datafield>
  <datafield tag="925" ind1="0" ind2=" ">
    <subfield code="a">acquire</subfield>
    <subfield code="b">1 copy only regardless of location</subfield>
    <subfield code="x">policy default</subfield>
  </datafield>
  <datafield tag="955" ind1=" " ind2=" ">
    <subfield code="b">he08 2020-01-02</subfield>
    <subfield code="h">he08 2020-01-02</subfield>
  </datafield>
  <datafield tag="010" ind1=" " ind2=" ">
    <subfield code="a">  2018658459</subfield>
  </datafield>
  <datafield tag="020" ind1=" " ind2=" ">
    <subfield code="a">9781420145366</subfield>
    <subfield code="q">(paperback)</subfield>
  </datafield>
  <datafield tag="020" ind1=" " ind2=" ">
    <subfield code="a">1420145363</subfield>
    <subfield code="q">(paperback)</subfield>
  </datafield>
  <datafield tag="020" ind1=" " ind2=" ">
    <subfield code="z">9781420145397</subfield>
    <subfield code="q">(eISBN)</subfield>
  </datafield>
  <datafield tag="020" ind1=" " ind2=" ">
    <subfield code="z">1420145398</subfield>
    <subfield code="q">(eISBN)</subfield>
  </datafield>
  <datafield tag="035" ind1=" " ind2=" ">
    <subfield code="a">(OCoLC)on1014036781</subfield>
  </datafield>
  <datafield tag="040" ind1=" " ind2=" ">
    <subfield code="a">YDX</subfield>
    <subfield code="b">eng</subfield>
    <subfield code="c">YDX</subfield>
    <subfield code="e">rda</subfield>
    <subfield code="d">BDX</subfield>
    <subfield code="d">HQD</subfield>
    <subfield code="d">FFL</subfield>
    <subfield code="d">IEB</subfield>
    <subfield code="d">JAO</subfield>
    <subfield code="d">IUK</subfield>
    <subfield code="d">BELPL</subfield>
    <subfield code="d">OCLCF</subfield>
    <subfield code="d">IGA</subfield>
    <subfield code="d">OCLCQ</subfield>
    <subfield code="d">OCLCO</subfield>
    <subfield code="d">YU6</subfield>
    <subfield code="d">UKMGB</subfield>
    <subfield code="d">MLM</subfield>
    <subfield code="d">NZGPL</subfield>
    <subfield code="d">VHP</subfield>
    <subfield code="d">BDGCL</subfield>
    <subfield code="d">OCLCO</subfield>
    <subfield code="d">B@L</subfield>
    <subfield code="d">T7L</subfield>
    <subfield code="d">OCLCO</subfield>
    <subfield code="d">TXWHS</subfield>
    <subfield code="d">JZD</subfield>
    <subfield code="d">NZIPP</subfield>
    <subfield code="d">AZZPT</subfield>
    <subfield code="d">XOL</subfield>
    <subfield code="d">OCLCO</subfield>
    <subfield code="d">NZHWP</subfield>
    <subfield code="d">OCLCO</subfield>
    <subfield code="d">WYG</subfield>
    <subfield code="d">OCLCO</subfield>
    <subfield code="d">NZAUC</subfield>
    <subfield code="d">ZMI</subfield>
    <subfield code="d">LD4</subfield>
    <subfield code="d">OCLCO</subfield>
    <subfield code="d">SOM</subfield>
    <subfield code="d">OCLCO</subfield>
    <subfield code="d">ZQP</subfield>
    <subfield code="d">OCLCO</subfield>
    <subfield code="d">OCLCQ</subfield>
    <subfield code="d">OCLCO</subfield>
    <subfield code="d">DLC</subfield>
  </datafield>
  <datafield tag="042" ind1=" " ind2=" ">
    <subfield code="a">lccopycat</subfield>
  </datafield>
  <datafield tag="050" ind1="0" ind2="0">
    <subfield code="a">CPB Box no. 4246 vol. 6</subfield>
  </datafield>
  <datafield tag="100" ind1="1" ind2=" ">
    <subfield code="a">McKenna, Lindsay,</subfield>
    <subfield code="d">1946-</subfield>
    <subfield code="e">author.</subfield>
  </datafield>
  <datafield tag="245" ind1="1" ind2="0">
    <subfield code="a">Wind River lawman /</subfield>
    <subfield code="c">Lindsay McKenna.</subfield>
  </datafield>
  <datafield tag="264" ind1=" " ind2="1">
    <subfield code="a">New York, New York :</subfield>
    <subfield code="b">Kensington Publishing Corp.,</subfield>
    <subfield code="c">2018.</subfield>
  </datafield>
  <datafield tag="264" ind1=" " ind2="4">
    <subfield code="c">©2018</subfield>
  </datafield>
  <datafield tag="300" ind1=" " ind2=" ">
    <subfield code="a">312 pages ;</subfield>
    <subfield code="c">18 cm</subfield>
  </datafield>
  <datafield tag="336" ind1=" " ind2=" ">
    <subfield code="a">text</subfield>
    <subfield code="b">txt</subfield>
    <subfield code="2">rdacontent</subfield>
  </datafield>
  <datafield tag="337" ind1=" " ind2=" ">
    <subfield code="a">unmediated</subfield>
    <subfield code="b">n</subfield>
    <subfield code="2">rdamedia</subfield>
  </datafield>
  <datafield tag="338" ind1=" " ind2=" ">
    <subfield code="a">volume</subfield>
    <subfield code="b">nc</subfield>
    <subfield code="2">rdacarrier</subfield>
  </datafield>
  <datafield tag="490" ind1="1" ind2=" ">
    <subfield code="a">A Wind River Valley novel ;</subfield>
    <subfield code="v">bk. 6</subfield>
  </datafield>
  <datafield tag="490" ind1="0" ind2=" ">
    <subfield code="a">Zebra Books</subfield>
  </datafield>
  <datafield tag="490" ind1="0" ind2=" ">
    <subfield code="a">Zebra</subfield>
  </datafield>
  <datafield tag="490" ind1="0" ind2=" ">
    <subfield code="a">Zebra Contemporary Romance</subfield>
  </datafield>
  <datafield tag="520" ind1=" " ind2=" ">
    <subfield code="a">After serving as a Navy medic, Dawson Callahan is back in the States and ready to start over. He heads for the wide open spaces of Wyoming, where he finds work as a wrangler. True, he&apos;ll mainly be wrangling chickens--and wrangling Sarah Carter&apos;s granny, who&apos;s still spry, but in need of a little caregiving. But ranch work is ranch work, and it&apos;s hard to turn down a job offer from the beautiful Sheriff Carter--especially when she deputizes him as one of her lawmen. Sarah loves her grandmother, but with her law enforcement career keeping her busy, they could both use some help from a strong, steady man. And policing Lincoln County has only gotten tougher since a merciless drug lord arrived in the area. When Sarah takes a bullet on the job, it&apos;s Dawson who comes to her rescue--and though they both thought they left war behind in Afghanistan, they&apos;ll do whatever it takes to protect what&apos;s theirs, even if it means facing down traumas they&apos;ve buried for years.</subfield>
  </datafield>
  <datafield tag="650" ind1=" " ind2="0">
    <subfield code="a">Sheriffs</subfield>
    <subfield code="v">Fiction.</subfield>
  </datafield>
  <datafield tag="650" ind1=" " ind2="0">
    <subfield code="a">Police</subfield>
    <subfield code="v">Fiction.</subfield>
  </datafield>
  <datafield tag="650" ind1=" " ind2="0">
    <subfield code="a">Veterans</subfield>
    <subfield code="v">Fiction.</subfield>
  </datafield>
  <datafield tag="650" ind1=" " ind2="0">
    <subfield code="a">Drug traffic</subfield>
    <subfield code="v">Fiction.</subfield>
  </datafield>
  <datafield tag="650" ind1=" " ind2="0">
    <subfield code="a">Man-woman relationships</subfield>
    <subfield code="v">Fiction.</subfield>
  </datafield>
  <datafield tag="650" ind1=" " ind2="0">
    <subfield code="a">Love stories.</subfield>
  </datafield>
  <datafield tag="650" ind1=" " ind2="0">
    <subfield code="a">Romances.</subfield>
  </datafield>
  <datafield tag="655" ind1=" " ind2="7">
    <subfield code="a">Love stories.</subfield>
    <subfield code="2">gsafd</subfield>
  </datafield>
  <datafield tag="710" ind1="2" ind2=" ">
    <subfield code="a">Copyright Paperback Collection (Library of Congress)</subfield>
    <subfield code="5">DLC</subfield>
  </datafield>
  <datafield tag="800" ind1="1" ind2=" ">
    <subfield code="a">McKenna, Lindsay,</subfield>
    <subfield code="d">1946-</subfield>
    <subfield code="t">Wind River Valley ;</subfield>
    <subfield code="v">bk. 6.</subfield>
  </datafield>
</record>