
<record>
  <leader>02785cam a2200325 i 4500</leader>
  <controlfield tag="001">21349586</controlfield>
  <controlfield tag="005">20200102130553.0</controlfield>
  <controlfield tag="008">200102s2019    pauak         000 0 eng c</controlfield>
  <datafield tag="906" ind1=" " ind2=" ">
    <subfield code="a">7</subfield>
    <subfield code="b">cbc</subfield>
    <subfield code="c">pccadap</subfield>
    <subfield code="d">2</subfield>
    <subfield code="e">ncip</subfield>
    <subfield code="f">20</subfield>
    <subfield code="g">y-gencatlg</subfield>
  </datafield>
  <datafield tag="925" ind1="0" ind2=" ">
    <subfield code="a">acquire</subfield>
    <subfield code="b">1 shelf copy</subfield>
    <subfield code="x">policy default</subfield>
  </datafield>
  <datafield tag="955" ind1=" " ind2=" ">
    <subfield code="b">xg31 2020-01-02 z-processor</subfield>
    <subfield code="i">xg31 2020-01-02 to BCCD</subfield>
  </datafield>
  <datafield tag="010" ind1=" " ind2=" ">
    <subfield code="a">  2018456047</subfield>
  </datafield>
  <datafield tag="035" ind1=" " ind2=" ">
    <subfield code="a">(OCoLC)on1126666774</subfield>
  </datafield>
  <datafield tag="040" ind1=" " ind2=" ">
    <subfield code="a">UPM</subfield>
    <subfield code="b">eng</subfield>
    <subfield code="c">UPM</subfield>
    <subfield code="e">rda</subfield>
    <subfield code="d">OCLCF</subfield>
    <subfield code="d">DLC</subfield>
  </datafield>
  <datafield tag="042" ind1=" " ind2=" ">
    <subfield code="a">pcc</subfield>
  </datafield>
  <datafield tag="043" ind1=" " ind2=" ">
    <subfield code="a">n-us-pa</subfield>
  </datafield>
  <datafield tag="050" ind1="0" ind2="0">
    <subfield code="a">KFP539.P4</subfield>
    <subfield code="b">P465 2019</subfield>
  </datafield>
  <datafield tag="245" ind1="0" ind2="0">
    <subfield code="a">Personal injury law conference 2019.</subfield>
  </datafield>
  <datafield tag="246" ind1="3" ind2="8">
    <subfield code="a">Personal injury law conference</subfield>
  </datafield>
  <datafield tag="264" ind1=" " ind2="1">
    <subfield code="a">Mechanicsburg, Pennsylvania :</subfield>
    <subfield code="b">Pennsylvania Bar Institute,</subfield>
    <subfield code="c">[2019]</subfield>
  </datafield>
  <datafield tag="300" ind1=" " ind2=" ">
    <subfield code="a">1 volume (various pagings) :</subfield>
    <subfield code="b">illustrations, forms ;</subfield>
    <subfield code="c">27 cm.</subfield>
  </datafield>
  <datafield tag="336" ind1=" " ind2=" ">
    <subfield code="a">text</subfield>
    <subfield code="b">txt</subfield>
    <subfield code="2">rdacontent</subfield>
  </datafield>
  <datafield tag="337" ind1=" " ind2=" ">
    <subfield code="a">unmediated</subfield>
    <subfield code="b">n</subfield>
    <subfield code="2">rdamedia</subfield>
  </datafield>
  <datafield tag="338" ind1=" " ind2=" ">
    <subfield code="a">volume</subfield>
    <subfield code="b">nc</subfield>
    <subfield code="2">rdacarrier</subfield>
  </datafield>
  <datafield tag="490" ind1="1" ind2=" ">
    <subfield code="a">PBI ;</subfield>
    <subfield code="v">no. 2019-10683</subfield>
  </datafield>
  <datafield tag="505" ind1="0" ind2=" ">
    <subfield code="a">The good, the bad, and the ugly : do&apos;s and don&apos;ts practice tips / Gary P. Caruso, John F. Cherry, Denis P. Cohen, Terrence R. Nealon, Robert J. Mongeluzzi -- Auto insurance 101 / Anthony P. Zarella -- Selling your fall down case in a skeptical environment / David B. Sherman -- Current state of the law after Tincher / David L. Kwass -- Trying a case before the social media generation / Patrick C. Lamb -- Help, I&apos;ve fallen, and I can&apos;t get up : who do you sue and why? (slides) / Adam J. Patano -- How to K.I.S.S. your jury and win products cases / Mark J. LeWinter -- The art of simplifying the complex case (slides) / Larry E. Bendesky -- Liens and other boring things you have to deal with / Steven M. Barth -- Suing the Commonwealth : why we&apos;re different / Christina A. Israel, Jeremy M. Montgomery -- Intake of guarding/pinch point product liability case / Kevin P. O&apos;Brien -- Wrestling with multiple defendants / Larry E. Coben -- Look mom: no hands! : an introduction to automated vehicles and the legal and regulatory issues that surround them / Julianne Cutruzza Beil -- Current issues in retaining and using experts / authored by Nicole D. Galli -- The use of experts in your case (slides) / authored by Hubert Klein -- When experts collide / authored by Stanley P. Sklar -- Right now! : immediate considerations upon learning of a products liability incident/case / Patrick J. McStravick -- How to avoid a catastrophic verdict in a catastrophic case / John E. Tyrell -- Practical ethics for personal injury practitioners / J.B. Dilsheimer and Patrice S. O&apos;Brien -- Civility : war stories &amp; practical tips (slides) / Armand J. Leonelli.</subfield>
  </datafield>
  <datafield tag="650" ind1=" " ind2="0">
    <subfield code="a">Personal injuries</subfield>
    <subfield code="z">Pennsylvania</subfield>
    <subfield code="x">Trial practice.</subfield>
  </datafield>
  <datafield tag="650" ind1=" " ind2="0">
    <subfield code="a">Trial practice</subfield>
    <subfield code="z">Pennsylvania.</subfield>
  </datafield>
  <datafield tag="710" ind1="2" ind2=" ">
    <subfield code="a">Pennsylvania Bar Institute.</subfield>
  </datafield>
  <datafield tag="830" ind1=" " ind2="0">
    <subfield code="a">PBI (Series) ;</subfield>
    <subfield code="v">no. 2019-10683.</subfield>
  </datafield>
</record>