
<record>
  <leader>03269cam a2200433 i 4500</leader>
  <controlfield tag="001">21349591</controlfield>
  <controlfield tag="005">20200102130837.0</controlfield>
  <controlfield tag="008">200102s2019    nyua     b    001 0 eng c</controlfield>
  <datafield tag="906" ind1=" " ind2=" ">
    <subfield code="a">7</subfield>
    <subfield code="b">cbc</subfield>
    <subfield code="c">pccadap</subfield>
    <subfield code="d">2</subfield>
    <subfield code="e">ncip</subfield>
    <subfield code="f">20</subfield>
    <subfield code="g">y-gencatlg</subfield>
  </datafield>
  <datafield tag="925" ind1="0" ind2=" ">
    <subfield code="a">acquire</subfield>
    <subfield code="b">2 shelf copies</subfield>
    <subfield code="x">policy default</subfield>
  </datafield>
  <datafield tag="955" ind1=" " ind2=" ">
    <subfield code="b">xg31 2020-01-02 z-processor</subfield>
    <subfield code="i">xg31 2020-01-02 Copy 1 to BCCD</subfield>
  </datafield>
  <datafield tag="010" ind1=" " ind2=" ">
    <subfield code="a">  2018456046</subfield>
  </datafield>
  <datafield tag="015" ind1=" " ind2=" ">
    <subfield code="a">GBB9F7280</subfield>
    <subfield code="2">bnb</subfield>
  </datafield>
  <datafield tag="016" ind1="7" ind2=" ">
    <subfield code="a">019517394</subfield>
    <subfield code="2">Uk</subfield>
  </datafield>
  <datafield tag="020" ind1=" " ind2=" ">
    <subfield code="a">9780190689247</subfield>
  </datafield>
  <datafield tag="020" ind1=" " ind2=" ">
    <subfield code="a">0190689242</subfield>
  </datafield>
  <datafield tag="035" ind1=" " ind2=" ">
    <subfield code="a">(OCoLC)on1056779663</subfield>
  </datafield>
  <datafield tag="040" ind1=" " ind2=" ">
    <subfield code="a">YDX</subfield>
    <subfield code="b">eng</subfield>
    <subfield code="c">YDX</subfield>
    <subfield code="e">rda</subfield>
    <subfield code="d">BDX</subfield>
    <subfield code="d">OCLCQ</subfield>
    <subfield code="d">CDX</subfield>
    <subfield code="d">TJC</subfield>
    <subfield code="d">OCLCF</subfield>
    <subfield code="d">GUL</subfield>
    <subfield code="d">CLU</subfield>
    <subfield code="d">UKMGB</subfield>
    <subfield code="d">DLC</subfield>
  </datafield>
  <datafield tag="042" ind1=" " ind2=" ">
    <subfield code="a">pcc</subfield>
  </datafield>
  <datafield tag="043" ind1=" " ind2=" ">
    <subfield code="a">n-us---</subfield>
  </datafield>
  <datafield tag="050" ind1="0" ind2="0">
    <subfield code="a">KF9654</subfield>
    <subfield code="b">.S97 2019</subfield>
  </datafield>
  <datafield tag="245" ind1="0" ind2="2">
    <subfield code="a">A system of pleas :</subfield>
    <subfield code="b">social science&apos;s contributions to the real legal system /</subfield>
    <subfield code="c">edited by Vanessa A. Edkins and Allison D. Redlich.</subfield>
  </datafield>
  <datafield tag="264" ind1=" " ind2="1">
    <subfield code="a">New York, NY :</subfield>
    <subfield code="b">Oxford University Press,</subfield>
    <subfield code="c">[2019]</subfield>
  </datafield>
  <datafield tag="300" ind1=" " ind2=" ">
    <subfield code="a">xvi, 208 pages :</subfield>
    <subfield code="b">illustrations ;</subfield>
    <subfield code="c">24 cm.</subfield>
  </datafield>
  <datafield tag="336" ind1=" " ind2=" ">
    <subfield code="a">text</subfield>
    <subfield code="b">txt</subfield>
    <subfield code="2">rdacontent</subfield>
  </datafield>
  <datafield tag="337" ind1=" " ind2=" ">
    <subfield code="a">unmediated</subfield>
    <subfield code="b">n</subfield>
    <subfield code="2">rdamedia</subfield>
  </datafield>
  <datafield tag="338" ind1=" " ind2=" ">
    <subfield code="a">volume</subfield>
    <subfield code="b">nc</subfield>
    <subfield code="2">rdacarrier</subfield>
  </datafield>
  <datafield tag="490" ind1="1" ind2=" ">
    <subfield code="a">American Psychology-Law Society series</subfield>
  </datafield>
  <datafield tag="504" ind1=" " ind2=" ">
    <subfield code="a">Includes bibliographical references and index.</subfield>
  </datafield>
  <datafield tag="505" ind1="0" ind2="0">
    <subfield code="g">Introduction:</subfield>
    <subfield code="t">A system of pleas /</subfield>
    <subfield code="r">Vanessa A. Edkins and Allison D. Redlich --</subfield>
    <subfield code="g">Section 1.</subfield>
    <subfield code="t">The system of pleas and its players --</subfield>
    <subfield code="t">Arriving at a system of pleas : the history and state of plea bargaining /</subfield>
    <subfield code="r">Lucian E. Dervan --</subfield>
    <subfield code="t">Defendant decision-making in plea bargains /</subfield>
    <subfield code="r">Shawn D. Bushway --</subfield>
    <subfield code="t">Defense attorneys and plea bargains /</subfield>
    <subfield code="r">Kelsey S. Henderson --</subfield>
    <subfield code="t">Prosecutors and plea bargains /</subfield>
    <subfield code="r">Bryan C. McCannon --</subfield>
    <subfield code="g">Section 2.</subfield>
    <subfield code="t">Influences on plea decision-making --</subfield>
    <subfield code="t">Race and plea bargaining /</subfield>
    <subfield code="r">Brian D. Johnson and Rebecca Richardson --</subfield>
    <subfield code="t">Juvenile justice and plea bargaining /</subfield>
    <subfield code="r">Allison D. Redlich, Tina Zottoli, and Tarika Daftary-Kapur --</subfield>
    <subfield code="t">Innocence and plea bargaining /</subfield>
    <subfield code="r">Miko M. Wilford and Annmarie Khairalla --</subfield>
    <subfield code="g">Section 3.</subfield>
    <subfield code="t">Results of a system of pleas --</subfield>
    <subfield code="t">Sentencing disparity and mass incarceration /</subfield>
    <subfield code="r">Rhys Hester --</subfield>
    <subfield code="t">Collateral consequences and disenfranchisement /</subfield>
    <subfield code="r">Vanessa A. Edkins --</subfield>
    <subfield code="g">Conclusion:</subfield>
    <subfield code="t">Moving forward in a system of pleas / Allison D. Redlich and Vanessa A. Edkins.</subfield>
  </datafield>
  <datafield tag="520" ind1="8" ind2=" ">
    <subfield code="a">Social science research needs to expand beyond the courtroom and the jury room to address the multitude of factors involved in plea decisions and the influences at work on the various legal system players (e.g., defendants, defense attorneys, prosecutors, etc.). This work is both a culmination of the current state of plea bargaining research and a call to action for future researchers. All of the areas addressed - from innocents pleading guilty to prosecutor charging decisions to mass incarceration and felon disenfranchisement - merge to create a picture of our current criminal justice system as it really is, and how social science can move forward within it.</subfield>
  </datafield>
  <datafield tag="650" ind1=" " ind2="0">
    <subfield code="a">Plea bargaining</subfield>
    <subfield code="z">United States.</subfield>
  </datafield>
  <datafield tag="650" ind1=" " ind2="0">
    <subfield code="a">Plea bargaining</subfield>
    <subfield code="x">Social aspects</subfield>
    <subfield code="z">United States.</subfield>
  </datafield>
  <datafield tag="650" ind1=" " ind2="0">
    <subfield code="a">Crime</subfield>
    <subfield code="z">United States</subfield>
    <subfield code="x">Sociological aspects.</subfield>
  </datafield>
  <datafield tag="650" ind1=" " ind2="0">
    <subfield code="a">Law and the social sciences.</subfield>
  </datafield>
  <datafield tag="650" ind1=" " ind2="0">
    <subfield code="a">Criminal psychology.</subfield>
  </datafield>
  <datafield tag="700" ind1="1" ind2=" ">
    <subfield code="a">Edkins, Vanessa A.,</subfield>
    <subfield code="d">1980-</subfield>
    <subfield code="e">editor.</subfield>
  </datafield>
  <datafield tag="700" ind1="1" ind2=" ">
    <subfield code="a">Redlich, Allison D.,</subfield>
    <subfield code="e">editor.</subfield>
  </datafield>
  <datafield tag="830" ind1=" " ind2="0">
    <subfield code="a">American Psychology-Law Society series.</subfield>
  </datafield>
</record>