
<record>
  <leader>02825cam a22003735i 4500</leader>
  <controlfield tag="001">21349615</controlfield>
  <controlfield tag="005">20200102132256.0</controlfield>
  <controlfield tag="008">200102t20192020maua     b    001 0 eng d</controlfield>
  <datafield tag="906" ind1=" " ind2=" ">
    <subfield code="a">0</subfield>
    <subfield code="b">ibc</subfield>
    <subfield code="c">copycat</subfield>
    <subfield code="d">2</subfield>
    <subfield code="e">ncip</subfield>
    <subfield code="f">20</subfield>
    <subfield code="g">y-gencatlg</subfield>
  </datafield>
  <datafield tag="925" ind1="0" ind2=" ">
    <subfield code="a">acquire</subfield>
    <subfield code="b">1 shelf copy</subfield>
    <subfield code="x">policy default</subfield>
  </datafield>
  <datafield tag="955" ind1=" " ind2=" ">
    <subfield code="b">xn11 2020-01-02 z-processor to USASH</subfield>
  </datafield>
  <datafield tag="010" ind1=" " ind2=" ">
    <subfield code="a">  2019287102</subfield>
  </datafield>
  <datafield tag="020" ind1=" " ind2=" ">
    <subfield code="a">1630815640</subfield>
  </datafield>
  <datafield tag="020" ind1=" " ind2=" ">
    <subfield code="a">9781630815646</subfield>
  </datafield>
  <datafield tag="020" ind1=" " ind2=" ">
    <subfield code="z">9781630815660</subfield>
    <subfield code="q">(electronic book)</subfield>
  </datafield>
  <datafield tag="035" ind1=" " ind2=" ">
    <subfield code="a">(OCoLC)on1109449845</subfield>
  </datafield>
  <datafield tag="040" ind1=" " ind2=" ">
    <subfield code="a">YDX</subfield>
    <subfield code="b">eng</subfield>
    <subfield code="c">YDX</subfield>
    <subfield code="e">rda</subfield>
    <subfield code="d">RSM</subfield>
    <subfield code="d">DLC</subfield>
  </datafield>
  <datafield tag="042" ind1=" " ind2=" ">
    <subfield code="a">lccopycat</subfield>
  </datafield>
  <datafield tag="097" ind1="0" ind2="0">
    <subfield code="a">UG485</subfield>
    <subfield code="b">.O36 2020</subfield>
  </datafield>
  <datafield tag="100" ind1="1" ind2=" ">
    <subfield code="a">O&apos;Donoughue, Nicholas A.,</subfield>
    <subfield code="e">author.</subfield>
  </datafield>
  <datafield tag="245" ind1="1" ind2="0">
    <subfield code="a">Emitter detection and geolocation for electronic warfare /</subfield>
    <subfield code="c">Nicholas A. O&apos;Donoughue.</subfield>
  </datafield>
  <datafield tag="264" ind1=" " ind2="1">
    <subfield code="a">Boston :</subfield>
    <subfield code="b">Artech House,</subfield>
    <subfield code="c">[2019]</subfield>
  </datafield>
  <datafield tag="264" ind1=" " ind2="4">
    <subfield code="c">©2020</subfield>
  </datafield>
  <datafield tag="300" ind1=" " ind2=" ">
    <subfield code="a">xv, 332 pages :</subfield>
    <subfield code="b">illustrations ;</subfield>
    <subfield code="c">24 cm</subfield>
  </datafield>
  <datafield tag="336" ind1=" " ind2=" ">
    <subfield code="a">text</subfield>
    <subfield code="b">txt</subfield>
    <subfield code="2">rdacontent</subfield>
  </datafield>
  <datafield tag="337" ind1=" " ind2=" ">
    <subfield code="a">unmediated</subfield>
    <subfield code="b">n</subfield>
    <subfield code="2">rdamedia</subfield>
  </datafield>
  <datafield tag="338" ind1=" " ind2=" ">
    <subfield code="a">volume</subfield>
    <subfield code="b">nc</subfield>
    <subfield code="2">rdacarrier</subfield>
  </datafield>
  <datafield tag="490" ind1="1" ind2=" ">
    <subfield code="a">The Artech House electronic warfare library</subfield>
  </datafield>
  <datafield tag="504" ind1=" " ind2=" ">
    <subfield code="a">Includes bibliographical references and index.</subfield>
  </datafield>
  <datafield tag="520" ind1=" " ind2=" ">
    <subfield code="a">This comprehensive resource provides theoretical formulation for detecting and geolocating non-cooperative emitters. Implementation of geolocation algorithms are discussed, as well as performance prediction of a hypothetical passive location system for systems analysis or vulnerability calculation. Comparison of novel direction finding and geolocation algorithms to classical forms are also included. Rooted in statistical signal processing and array processing theory, this book also provides an overview of the application of novel detection and estimation algorithms to real world problems in EW. The book is divided into three parts: detection, angle of arrival estimation, and geolocation. Each section begins with an introductory chapter covering the relevant signal processing theory (either detection or estimation), then provides a series of chapters covering specific methods to achieve the desired end-product. MATLAB® code is provided to assist readers with relevant probability and statistics, RF propagation, atmospheric absorption, and noise, giving readers an understanding of the implementation of the algorithms in the book, as well as developing new approaches to solving problems. Packed with problem sets and examples, this book strikes a balance between introductory texts and reference manuals, making it useful for novice as well as advanced practitioners.</subfield>
  </datafield>
  <datafield tag="650" ind1=" " ind2="0">
    <subfield code="a">Electronics in military engineering.</subfield>
  </datafield>
  <datafield tag="650" ind1=" " ind2="0">
    <subfield code="a">Signal processing</subfield>
    <subfield code="x">Mathematics.</subfield>
  </datafield>
  <datafield tag="776" ind1="0" ind2="8">
    <subfield code="c">Online version:</subfield>
    <subfield code="a">O&apos;Donoughue, Nicholas A.</subfield>
    <subfield code="t">Emitter detection and geolocation for electronic warfare.</subfield>
    <subfield code="d">[S.L.] : Artech House, 2019</subfield>
    <subfield code="z">9781630815660</subfield>
    <subfield code="w">(OCoLC)1129715742</subfield>
  </datafield>
  <datafield tag="830" ind1=" " ind2="0">
    <subfield code="a">Artech House electronic warfare library.</subfield>
  </datafield>
</record>