
<record>
  <leader>02573nam a22003858i 4500</leader>
  <controlfield tag="001">21349638</controlfield>
  <controlfield tag="005">20200102133527.0</controlfield>
  <controlfield tag="008">191230s2020    mdu      b    001 0 eng  </controlfield>
  <datafield tag="906" ind1=" " ind2=" ">
    <subfield code="a">0</subfield>
    <subfield code="b">ibc</subfield>
    <subfield code="c">orignew</subfield>
    <subfield code="d">1</subfield>
    <subfield code="e">ecip</subfield>
    <subfield code="f">20</subfield>
    <subfield code="g">y-gencatlg</subfield>
  </datafield>
  <datafield tag="925" ind1="0" ind2=" ">
    <subfield code="a">acquire</subfield>
    <subfield code="b">1 shelf copy</subfield>
    <subfield code="x">policy default</subfield>
  </datafield>
  <datafield tag="955" ind1=" " ind2=" ">
    <subfield code="b">DNLM 2019-12-30</subfield>
  </datafield>
  <datafield tag="010" ind1=" " ind2=" ">
    <subfield code="a">  2019059864</subfield>
  </datafield>
  <datafield tag="020" ind1=" " ind2=" ">
    <subfield code="a">9781421439051</subfield>
    <subfield code="q">(hardcover ;</subfield>
    <subfield code="q">alk. paper)</subfield>
  </datafield>
  <datafield tag="020" ind1=" " ind2=" ">
    <subfield code="a">9781421439068</subfield>
    <subfield code="q">(paperback ;</subfield>
    <subfield code="q">alk. paper)</subfield>
  </datafield>
  <datafield tag="020" ind1=" " ind2=" ">
    <subfield code="z">9781421439075</subfield>
    <subfield code="q">(ebook)</subfield>
  </datafield>
  <datafield tag="040" ind1=" " ind2=" ">
    <subfield code="a">DNLM/DLC</subfield>
    <subfield code="b">eng</subfield>
    <subfield code="e">rda</subfield>
    <subfield code="c">DLC</subfield>
  </datafield>
  <datafield tag="042" ind1=" " ind2=" ">
    <subfield code="a">pcc</subfield>
  </datafield>
  <datafield tag="060" ind1="1" ind2="0">
    <subfield code="a">WM 171.7</subfield>
  </datafield>
  <datafield tag="100" ind1="1" ind2=" ">
    <subfield code="a">Mondimore, Francis Mark,</subfield>
    <subfield code="d">1953-</subfield>
    <subfield code="e">author.</subfield>
  </datafield>
  <datafield tag="245" ind1="1" ind2="0">
    <subfield code="a">Bipolar disorder :</subfield>
    <subfield code="b">a guide for you and your loved ones /</subfield>
    <subfield code="c">Francis Mark Mondimore.</subfield>
  </datafield>
  <datafield tag="250" ind1=" " ind2=" ">
    <subfield code="a">Fourth edition.</subfield>
  </datafield>
  <datafield tag="263" ind1=" " ind2=" ">
    <subfield code="a">2009</subfield>
  </datafield>
  <datafield tag="264" ind1=" " ind2="1">
    <subfield code="a">Baltimore :</subfield>
    <subfield code="b">Johns Hopkins University Press,</subfield>
    <subfield code="c">2020.</subfield>
  </datafield>
  <datafield tag="300" ind1=" " ind2=" ">
    <subfield code="a">pages cm</subfield>
  </datafield>
  <datafield tag="336" ind1=" " ind2=" ">
    <subfield code="a">text</subfield>
    <subfield code="b">txt</subfield>
    <subfield code="2">rdacontent</subfield>
  </datafield>
  <datafield tag="337" ind1=" " ind2=" ">
    <subfield code="a">unmediated</subfield>
    <subfield code="b">n</subfield>
    <subfield code="2">rdamedia</subfield>
  </datafield>
  <datafield tag="338" ind1=" " ind2=" ">
    <subfield code="a">volume</subfield>
    <subfield code="b">nc</subfield>
    <subfield code="2">rdacarrier</subfield>
  </datafield>
  <datafield tag="490" ind1="1" ind2=" ">
    <subfield code="a">Johns Hopkins Press health book</subfield>
  </datafield>
  <datafield tag="504" ind1=" " ind2=" ">
    <subfield code="a">Includes bibliographical references and index.</subfield>
  </datafield>
  <datafield tag="505" ind1="0" ind2=" ">
    <subfield code="a">Normal and Abnormal Mood -- The Categories of Bipolar Disorder -- Bipolar Disorder and the DSM-5 -- Mood-Stabilizing Medications -- Antipsychotic Medications -- Antidepressant Medications -- New (and Old) Medications and Pipeline Drugs -- More Medications, Hormones, and Dietary Supplements -- Brain-Stimulation Treatments -- Counseling and Psychotherapy -- Treatment Approaches in Bipolar Disorder -- The Brain Is Like the Internet -- More Bipolar Biology -- The Science of Cycles : Chronobiology -- The Genetics of Bipolar Disorder -- Bipolar Disorder in Children and Adolescents -- Women with Bipolar Disorder : Special Considerations -- Alcoholism and Drug Abuse -- Borderline Personality Disorder -- Bipolar Disorder and Creativity -- Living with Bipolar Disorder -- Planning for Emergencies -- The Role of the Family -- Summing Up and Looking Ahead</subfield>
  </datafield>
  <datafield tag="520" ind1=" " ind2=" ">
    <subfield code="a">&quot;The author is a psychiatrist who specializes in depression and bipolar disorder, for which the right mixture of medications is difficult to achieve. This fourth edition features updated discussions of older therapies and added material on newer ones--vagus nerve stimulation, transcranial magnetic stimulation, and intravenous infusion of ketamine/esketamine--and a new chapter comparing bipolar disorder with borderline personality disorder&quot;--</subfield>
    <subfield code="c">Provided by publisher.</subfield>
  </datafield>
  <datafield tag="650" ind1="1" ind2="2">
    <subfield code="a">Bipolar Disorder</subfield>
  </datafield>
  <datafield tag="655" ind1=" " ind2="2">
    <subfield code="a">Popular Work</subfield>
  </datafield>
  <datafield tag="830" ind1=" " ind2="0">
    <subfield code="a">Johns Hopkins Press health book.</subfield>
  </datafield>
  <datafield tag="985" ind1=" " ind2=" ">
    <subfield code="a">DNLMCIP</subfield>
    <subfield code="d">2019-12-30</subfield>
  </datafield>
</record>