
<record>
  <leader>02675cam a22003735i 4500</leader>
  <controlfield tag="001">21349659</controlfield>
  <controlfield tag="005">20200102135240.0</controlfield>
  <controlfield tag="008">200102t20192019nyuab         001 0 eng d</controlfield>
  <datafield tag="906" ind1=" " ind2=" ">
    <subfield code="a">0</subfield>
    <subfield code="b">ibc</subfield>
    <subfield code="c">copycat</subfield>
    <subfield code="d">2</subfield>
    <subfield code="e">ncip</subfield>
    <subfield code="f">20</subfield>
    <subfield code="g">y-gencatlg</subfield>
  </datafield>
  <datafield tag="925" ind1="0" ind2=" ">
    <subfield code="a">acquire</subfield>
    <subfield code="b">1 shelf copy</subfield>
    <subfield code="x">policy default</subfield>
  </datafield>
  <datafield tag="955" ind1=" " ind2=" ">
    <subfield code="b">xn11 2020-01-02 z-processor to USASH</subfield>
  </datafield>
  <datafield tag="010" ind1=" " ind2=" ">
    <subfield code="a">  2019287112</subfield>
  </datafield>
  <datafield tag="020" ind1=" " ind2=" ">
    <subfield code="a">1440300755</subfield>
  </datafield>
  <datafield tag="020" ind1=" " ind2=" ">
    <subfield code="a">9781440300752</subfield>
  </datafield>
  <datafield tag="035" ind1=" " ind2=" ">
    <subfield code="a">(OCoLC)on1089493984</subfield>
  </datafield>
  <datafield tag="040" ind1=" " ind2=" ">
    <subfield code="a">YDX</subfield>
    <subfield code="b">eng</subfield>
    <subfield code="c">YDX</subfield>
    <subfield code="e">rda</subfield>
    <subfield code="d">BDX</subfield>
    <subfield code="d">LIV</subfield>
    <subfield code="d">OCO</subfield>
    <subfield code="d">JRZ</subfield>
    <subfield code="d">DLC</subfield>
  </datafield>
  <datafield tag="042" ind1=" " ind2=" ">
    <subfield code="a">lccopycat</subfield>
  </datafield>
  <datafield tag="082" ind1="0" ind2="4">
    <subfield code="a">929.1072048</subfield>
    <subfield code="2">23</subfield>
  </datafield>
  <datafield tag="100" ind1="1" ind2=" ">
    <subfield code="a">Fryxell, David A.,</subfield>
    <subfield code="d">1956-</subfield>
    <subfield code="e">author.</subfield>
  </datafield>
  <datafield tag="245" ind1="1" ind2="4">
    <subfield code="a">The Family Tree Scandinavian genealogy guide :</subfield>
    <subfield code="b">how to trace your ancestors in Denmark, Sweden, and Norway /</subfield>
    <subfield code="c">David A. Fryxell.</subfield>
  </datafield>
  <datafield tag="246" ind1="3" ind2="0">
    <subfield code="a">Scandinavian genealogy guide</subfield>
  </datafield>
  <datafield tag="264" ind1=" " ind2="1">
    <subfield code="a">[New York] :</subfield>
    <subfield code="b">Family Tree Books, an imprint of Penguin Random House LLC,</subfield>
    <subfield code="c">[2019]</subfield>
  </datafield>
  <datafield tag="264" ind1=" " ind2="4">
    <subfield code="c">©2019</subfield>
  </datafield>
  <datafield tag="300" ind1=" " ind2=" ">
    <subfield code="a">255 pages :</subfield>
    <subfield code="b">illustrations, maps ;</subfield>
    <subfield code="c">24 cm</subfield>
  </datafield>
  <datafield tag="336" ind1=" " ind2=" ">
    <subfield code="a">text</subfield>
    <subfield code="b">txt</subfield>
    <subfield code="2">rdacontent</subfield>
  </datafield>
  <datafield tag="337" ind1=" " ind2=" ">
    <subfield code="a">unmediated</subfield>
    <subfield code="b">n</subfield>
    <subfield code="2">rdamedia</subfield>
  </datafield>
  <datafield tag="338" ind1=" " ind2=" ">
    <subfield code="a">volume</subfield>
    <subfield code="b">nc</subfield>
    <subfield code="2">rdacarrier</subfield>
  </datafield>
  <datafield tag="504" ind1=" " ind2=" ">
    <subfield code="a">Includes bibliographical references and index.</subfield>
  </datafield>
  <datafield tag="520" ind1=" " ind2=" ">
    <subfield code="a">&quot;If trying to trace your Scandinavian ancestors makes you exclaim, &quot;Uff da!&quot; you&apos;ve come to the right place.  Scandinavian genealogy expert David A. Fryxell will take you step-by-step through the exciting, and challenging journey of discovering your Danish, Swedish, or Norwegian roots.  You&apos;ll learn how to find your family&apos;s town of origin, locate key genealogical resources, decipher foreign-language records, and untangle the region&apos;s complicated history.  The book also includes language guides, sample records, and resource lists to aid your research.&quot;--</subfield>
    <subfield code="c">Provided by publisher</subfield>
  </datafield>
  <datafield tag="505" ind1="0" ind2=" ">
    <subfield code="a">Part 1. Linking your family tree to Scandinavia.  Your Scandinavian heritage -- Jump-starting your Danish, Swedish, and Norwegian research -- Identifying your immigrant ancestor -- Part 2. Getting to know the old country.  The history of Denmark -- The history of Sweden -- The history of Norway -- Part 3. Tracing your family in Scandinavia.  Understanding Scandinavian geography -- Scandinavian languages and names -- Church vital records -- Other church records -- Censuses and household examinations -- Probate, estates, and land records -- Military records -- Other records -- Part 4. Advanced sources and strategies.  Putting it all together -- What to do when you get stuck.</subfield>
  </datafield>
  <datafield tag="651" ind1=" " ind2="0">
    <subfield code="a">Scandinavia</subfield>
    <subfield code="v">Genealogy</subfield>
    <subfield code="v">Handbooks, manuals, etc.</subfield>
  </datafield>
  <datafield tag="651" ind1=" " ind2="0">
    <subfield code="a">Denmark</subfield>
    <subfield code="v">Genealogy</subfield>
    <subfield code="v">Handbooks, manuals, etc.</subfield>
  </datafield>
  <datafield tag="651" ind1=" " ind2="0">
    <subfield code="a">Sweden</subfield>
    <subfield code="v">Genealogy</subfield>
    <subfield code="v">Handbooks, manuals, etc.</subfield>
  </datafield>
  <datafield tag="651" ind1=" " ind2="0">
    <subfield code="a">Norway</subfield>
    <subfield code="v">Genealogy</subfield>
    <subfield code="v">Handbooks, manuals, etc.</subfield>
  </datafield>
</record>