
<record>
  <leader>03941nam a22004578i 4500</leader>
  <controlfield tag="001">21349665</controlfield>
  <controlfield tag="005">20200102135738.0</controlfield>
  <controlfield tag="008">200102s2020    msu      b    001 0 eng  </controlfield>
  <datafield tag="906" ind1=" " ind2=" ">
    <subfield code="a">0</subfield>
    <subfield code="b">ibc</subfield>
    <subfield code="c">orignew</subfield>
    <subfield code="d">1</subfield>
    <subfield code="e">ecip</subfield>
    <subfield code="f">20</subfield>
    <subfield code="g">y-gencatlg</subfield>
  </datafield>
  <datafield tag="925" ind1="0" ind2=" ">
    <subfield code="a">acquire</subfield>
    <subfield code="b">1 shelf copy</subfield>
    <subfield code="x">policy default</subfield>
  </datafield>
  <datafield tag="955" ind1=" " ind2=" ">
    <subfield code="b">MsSM 2020-01-02</subfield>
  </datafield>
  <datafield tag="010" ind1=" " ind2=" ">
    <subfield code="a">  2019034392</subfield>
  </datafield>
  <datafield tag="020" ind1=" " ind2=" ">
    <subfield code="a">9781496827333</subfield>
    <subfield code="q">(hardback)</subfield>
  </datafield>
  <datafield tag="020" ind1=" " ind2=" ">
    <subfield code="a">9781496827340</subfield>
    <subfield code="q">(trade paperback)</subfield>
  </datafield>
  <datafield tag="020" ind1=" " ind2=" ">
    <subfield code="z">9781496827357</subfield>
    <subfield code="q">(epub)</subfield>
  </datafield>
  <datafield tag="020" ind1=" " ind2=" ">
    <subfield code="z">9781496827364</subfield>
    <subfield code="q">(epub)</subfield>
  </datafield>
  <datafield tag="020" ind1=" " ind2=" ">
    <subfield code="z">9781496827371</subfield>
    <subfield code="q">(pdf)</subfield>
  </datafield>
  <datafield tag="020" ind1=" " ind2=" ">
    <subfield code="z">9781496827388</subfield>
    <subfield code="q">(pdf)</subfield>
  </datafield>
  <datafield tag="040" ind1=" " ind2=" ">
    <subfield code="a">MsSM/DLC</subfield>
    <subfield code="b">eng</subfield>
    <subfield code="e">rda</subfield>
    <subfield code="c">DLC</subfield>
  </datafield>
  <datafield tag="042" ind1=" " ind2=" ">
    <subfield code="a">pcc</subfield>
  </datafield>
  <datafield tag="050" ind1="0" ind2="0">
    <subfield code="a">PS169.R28</subfield>
  </datafield>
  <datafield tag="084" ind1=" " ind2=" ">
    <subfield code="a">LIT004040</subfield>
    <subfield code="2">bisacsh</subfield>
  </datafield>
  <datafield tag="100" ind1="1" ind2=" ">
    <subfield code="a">Wales Freedman, Eden,</subfield>
    <subfield code="e">author. </subfield>
  </datafield>
  <datafield tag="245" ind1="1" ind2="0">
    <subfield code="a">Reading testimony, witnessing trauma :</subfield>
    <subfield code="b">confronting race, gender, and violence in American literature /</subfield>
    <subfield code="c">Eden Wales Freedman.</subfield>
  </datafield>
  <datafield tag="263" ind1=" " ind2=" ">
    <subfield code="a">2003</subfield>
  </datafield>
  <datafield tag="264" ind1=" " ind2="1">
    <subfield code="a">Jackson :</subfield>
    <subfield code="b">University Press of Mississippi,</subfield>
    <subfield code="c">2020.</subfield>
  </datafield>
  <datafield tag="300" ind1=" " ind2=" ">
    <subfield code="a">pages cm</subfield>
  </datafield>
  <datafield tag="336" ind1=" " ind2=" ">
    <subfield code="a">text</subfield>
    <subfield code="b">txt</subfield>
    <subfield code="2">rdacontent</subfield>
  </datafield>
  <datafield tag="337" ind1=" " ind2=" ">
    <subfield code="a">unmediated</subfield>
    <subfield code="b">n</subfield>
    <subfield code="2">rdamedia</subfield>
  </datafield>
  <datafield tag="338" ind1=" " ind2=" ">
    <subfield code="a">volume</subfield>
    <subfield code="b">nc</subfield>
    <subfield code="2">rdacarrier</subfield>
  </datafield>
  <datafield tag="504" ind1=" " ind2=" ">
    <subfield code="a">Includes bibliographical references and index.</subfield>
  </datafield>
  <datafield tag="505" ind1="0" ind2=" ">
    <subfield code="a">Acknowledgments -- Introduction: reading trauma in (African) American literature -- &quot;To be free to say so&quot;: witnessing trauma in the narratives of Harriet Jacobs, Sojourner Truth, and Elizabeth Keckley -- &quot;You cant understand it&quot;: William Faulkner&apos;s anti-witnessing of race and gender -- &quot;Yuh got tuh go there tuh know there&quot;: dual- and communal witnessing in Zora Neale Hurston&apos;s Their Eyes Were Watching God and Margaret Walker&apos;s Jubilee -- &quot;This thing we have done together&quot;: haunted witnessing in the novels of Toni Morrison and Jesmyn Ward -- Conclusion: dual-witnessing as revolution -- Glossary of terms -- Notes -- Bibliography -- Index.</subfield>
  </datafield>
  <datafield tag="520" ind1=" " ind2=" ">
    <subfield code="a">&quot;Theorists emphasize the necessity of writing about-or witnessing-trauma in order to overcome it. To this critical conversation, Reading Testimony, Witnessing Trauma: Confronting Race, Gender, and Violence in American Literature treats reader response to traumatic and testimonial literature written by and about African American women and adds insight into the engagement of testimonial literature. Eden Wales Freeman articulates a theory of reading (or dual-witnessing) that explores how narrators and readers can witness trauma together. She places these original theories of traumatic reception in conversation with the African American literary tradition to speak to the histories, cultures, and traumas of African Americans, particularly the repercussions of slavery, as witnessed in African American literature. The volume also considers intersections of race and gender and how narrators and readers can cross such constructs to witness collectively. Reading Testimony, Witnessing Trauma&apos;s innovative examinations of raced-gendered intersections open and speak with those works that promote dual-witnessing through the fraught (literary) histories of race and gender relations in America. To explicate how dual-witnessing converses with American literature, race theory, and gender criticism, the book analyzes emancipatory narratives by Sojourner Truth, Harriet Jacobs, and Elizabeth Keckley and novels by William Faulkner, Zora Neale Hurston, Margaret Walker, Toni Morrison, and Jesmyn Ward&quot;--</subfield>
    <subfield code="c">Provided by publisher.</subfield>
  </datafield>
  <datafield tag="520" ind1=" " ind2=" ">
    <subfield code="a">&quot;An extraordinary engagement with trauma and its witness across American literature&quot;--</subfield>
    <subfield code="c">Provided by publisher.</subfield>
  </datafield>
  <datafield tag="650" ind1=" " ind2="0">
    <subfield code="a">Race in literature.</subfield>
  </datafield>
  <datafield tag="650" ind1=" " ind2="0">
    <subfield code="a">Psychic trauma in literature.</subfield>
  </datafield>
  <datafield tag="650" ind1=" " ind2="0">
    <subfield code="a">American literature</subfield>
    <subfield code="y">20th century.</subfield>
  </datafield>
  <datafield tag="650" ind1=" " ind2="7">
    <subfield code="a">LITERARY CRITICISM / American / African American</subfield>
    <subfield code="2">bisacsh</subfield>
  </datafield>
  <datafield tag="655" ind1=" " ind2="7">
    <subfield code="a">Literary criticism.</subfield>
    <subfield code="2">lcgft</subfield>
  </datafield>
  <datafield tag="776" ind1="0" ind2="8">
    <subfield code="i">Online version:</subfield>
    <subfield code="a">Wales Freedman, Eden,</subfield>
    <subfield code="t">Reading testimony, witnessing trauma</subfield>
    <subfield code="d">Jackson : University Press of Mississippi, 2020.</subfield>
    <subfield code="z">9781496827357</subfield>
    <subfield code="w">(DLC) 2019034393</subfield>
  </datafield>
  <datafield tag="985" ind1=" " ind2=" ">
    <subfield code="a">MsSMCIP</subfield>
    <subfield code="d">2020-01-02</subfield>
  </datafield>
</record>