
<record>
  <leader>05281cam a22006015i 4500</leader>
  <controlfield tag="001">21349673</controlfield>
  <controlfield tag="005">20200102142918.0</controlfield>
  <controlfield tag="008">200102s2018    au ach   bc   000 0 ger d</controlfield>
  <datafield tag="906" ind1=" " ind2=" ">
    <subfield code="a">0</subfield>
    <subfield code="b">ibc</subfield>
    <subfield code="c">copycat</subfield>
    <subfield code="d">3</subfield>
    <subfield code="e">ncip</subfield>
    <subfield code="f">20</subfield>
    <subfield code="g">y-nonroman</subfield>
  </datafield>
  <datafield tag="925" ind1="0" ind2=" ">
    <subfield code="a">acquire</subfield>
    <subfield code="b">1 shelf copy</subfield>
    <subfield code="x">policy default</subfield>
  </datafield>
  <datafield tag="955" ind1=" " ind2=" ">
    <subfield code="b">ff16 2020-01-02 z-processor</subfield>
    <subfield code="a">ff00 2020-01-02 to GS/SBCG</subfield>
  </datafield>
  <datafield tag="010" ind1=" " ind2=" ">
    <subfield code="a">  2019455198</subfield>
  </datafield>
  <datafield tag="016" ind1="7" ind2=" ">
    <subfield code="a">019271752</subfield>
    <subfield code="2">Uk</subfield>
  </datafield>
  <datafield tag="020" ind1=" " ind2=" ">
    <subfield code="a">9783900088897</subfield>
  </datafield>
  <datafield tag="020" ind1=" " ind2=" ">
    <subfield code="a">3900088896</subfield>
  </datafield>
  <datafield tag="035" ind1=" " ind2=" ">
    <subfield code="a">(OCoLC)on1048297333</subfield>
  </datafield>
  <datafield tag="040" ind1=" " ind2=" ">
    <subfield code="a">ERASA</subfield>
    <subfield code="b">eng</subfield>
    <subfield code="e">rda</subfield>
    <subfield code="c">ERASA</subfield>
    <subfield code="d">OHX</subfield>
    <subfield code="d">JPG</subfield>
    <subfield code="d">OCLCF</subfield>
    <subfield code="d">STF</subfield>
    <subfield code="d">OCLCQ</subfield>
    <subfield code="d">OCLCO</subfield>
    <subfield code="d">UKMGB</subfield>
    <subfield code="d">NLGGC</subfield>
    <subfield code="d">CHVBK</subfield>
    <subfield code="d">OCLCO</subfield>
    <subfield code="d">DLC</subfield>
  </datafield>
  <datafield tag="042" ind1=" " ind2=" ">
    <subfield code="a">lccopycat</subfield>
  </datafield>
  <datafield tag="043" ind1=" " ind2=" ">
    <subfield code="a">e-au---</subfield>
  </datafield>
  <datafield tag="082" ind1="0" ind2="4">
    <subfield code="a">940.5</subfield>
  </datafield>
  <datafield tag="097" ind1="0" ind2="0">
    <subfield code="a">DB879.S18</subfield>
    <subfield code="b">H63 2018</subfield>
  </datafield>
  <datafield tag="100" ind1="1" ind2=" ">
    <subfield code="a">Hochleitner, Martin,</subfield>
    <subfield code="d">1970-</subfield>
  </datafield>
  <datafield tag="245" ind1="1" ind2="0">
    <subfield code="a">Anschluss, Krieg &amp; Trümmer :</subfield>
    <subfield code="b">Salzburg und sein Museum im Nationalsozialismus /</subfield>
    <subfield code="c">Martin Hochleitner.</subfield>
  </datafield>
  <datafield tag="246" ind1="3" ind2=" ">
    <subfield code="a">Anschluss, Krieg und Trümmer</subfield>
  </datafield>
  <datafield tag="264" ind1=" " ind2="1">
    <subfield code="a">Salzburg :</subfield>
    <subfield code="b">Salzburg Museum,</subfield>
    <subfield code="c">©2018.</subfield>
  </datafield>
  <datafield tag="300" ind1=" " ind2=" ">
    <subfield code="a">279 pages :</subfield>
    <subfield code="b">illustrations (some color), facsimiles, portraits ;</subfield>
    <subfield code="c">28 cm.</subfield>
  </datafield>
  <datafield tag="336" ind1=" " ind2=" ">
    <subfield code="a">text</subfield>
    <subfield code="b">txt</subfield>
    <subfield code="2">rdacontent</subfield>
  </datafield>
  <datafield tag="337" ind1=" " ind2=" ">
    <subfield code="a">unmediated</subfield>
    <subfield code="b">n</subfield>
    <subfield code="2">rdamedia</subfield>
  </datafield>
  <datafield tag="338" ind1=" " ind2=" ">
    <subfield code="a">volume</subfield>
    <subfield code="b">nc</subfield>
    <subfield code="2">rdacarrier</subfield>
  </datafield>
  <datafield tag="490" ind1="1" ind2=" ">
    <subfield code="a">Jahresschrift des Salzburg Museum ;</subfield>
    <subfield code="v">Bd. 60</subfield>
  </datafield>
  <datafield tag="500" ind1=" " ind2=" ">
    <subfield code="a">Catalog of an exhibition held at Kunsthalle des Salzburg Museum, Austria, March 9-September 2, 2018.</subfield>
  </datafield>
  <datafield tag="504" ind1=" " ind2=" ">
    <subfield code="a">Includes bibliographical references.</subfield>
  </datafield>
  <datafield tag="520" ind1="8" ind2=" ">
    <subfield code="a">Vor 80 Jahren erfolgte der &quot;Anschluss&quot; Österreichs an das nationalsozialistische Deutsche Reich. Aus diesem Anlass widmet sich das Salzburg Museum der Geschichte Salzburgs zwischen 1938 und 1945. Inhaltlich rückt die Ausstellung dabei das Salzburg Museum - damals Museum Carolino Augusteum - und seine Akteure im Nationalsozialistischen Salzburg in den Fokus. Neben der Geschichte, dem Schicksal und der Rolle des Museums während der Kriegsjahre. werden die beruflichen Biografien und Netzwerke von MuseumsmitarbeiterInnen während der Kriegsjahre analysiert. Die Ausstellung kontextualisiert sie dabei in der Geschichte und Kultur Salzburgs sowie mit der Entwicklung des Zweiten Weltkriegs. Exhibition: Kunsthalle des Salzburg Museum, Austria (09.03. - 02.09.2018).</subfield>
  </datafield>
  <datafield tag="505" ind1="0" ind2="0">
    <subfield code="g">Vorwort /</subfield>
    <subfield code="r">Martin Hochleitner --</subfield>
    <subfield code="g">Einleitung /</subfield>
    <subfield code="r">Martin Hochleitner --</subfield>
    <subfield code="t">Oder --</subfield>
    <subfield code="t">Von Blicken des Salzburg Museum in die eigene Vergangenheit im Spiegel aktueller Forschungsperspektiven auf Museen im Nationalsozialismus --</subfield>
    <subfield code="t">Zeit-Geschichte --</subfield>
    <subfield code="t">Chronologie des Salzburg Museum /</subfield>
    <subfield code="r">Martin Hochleitner --</subfield>
    <subfield code="t">Nationalsozialismus ausstellen : Überlegungen zu den Herausforderungen von Zeitgeschichte, Geschichtspolitik und Erinnerungskultur /</subfield>
    <subfield code="r">Birgit Kirchmayr --</subfield>
    <subfield code="t">Wörter machen Leute : Beobachtungen zum Missbrauch der deutschen Sprache durch die NS-Bewegung /</subfield>
    <subfield code="r">Karl Müller --</subfield>
    <subfield code="t">Unter dem Pflaster brauner Sumpf : Beobachtungen zur Restauration faschistischer Kunst und Kulturpolitik in Salzburg 1947-1989 /</subfield>
    <subfield code="r">Anselm Wagner --</subfield>
    <subfield code="t">Kontinuitäten und Netzwerke : das Museum unter nationalsozialistischer Verwaltung /</subfield>
    <subfield code="r">Helga Embacher und Barbara Huber --</subfield>
    <subfield code="t">Die Museumslandschaft der Gauhauptstadt Salzburg /</subfield>
    <subfield code="r">Peter Danner --</subfield>
    <subfield code="t">Der Salzburger Museumsverein im Nationalsozialismus /</subfield>
    <subfield code="r">Markus Weiglein --</subfield>
    <subfield code="t">Menschen im Museum --</subfield>
    <subfield code="t">&quot; ... Anteil nehmen an der Neugestaltung des grossen deutschen Vaterlandes&quot; : Max Silber und das Salzburg Museum bis 1942 /</subfield>
    <subfield code="r">Susanne Rolinek --</subfield>
    <subfield code="t">Lothar Richard Pretzell (1909-1993) : Modernisierer zwischen &quot;völkischer Wissenschaft&quot; und &quot;Bergungsdirektor&quot; /</subfield>
    <subfield code="r">Gerhard Plasser --</subfield>
    <subfield code="t">Museumsassessor Dr. Robert Landauer (1908-1940) : Akteur, Mitläufer zur Existenzsicherung oder Opfer? : ein vertuschter Selbstmord und viele offene Fragen /</subfield>
    <subfield code="r">Peter F. Kramml --</subfield>
    <subfield code="t">Martin Hell /</subfield>
    <subfield code="r">Peter Danner --</subfield>
    <subfield code="t">Kurt Willvonseder : der Weg eines ehemaligen SS-Mannes zum Direktor des &quot;SMCA&quot;¹ /</subfield>
    <subfield code="r">Robert Obermair --</subfield>
    <subfield code="t">Josef Mühlmann (1886-1972) /</subfield>
    <subfield code="r">Gerda Dohle --</subfield>
    <subfield code="t">Friederike Prodinger (1913-2008) und das Salzburg Museum /</subfield>
    <subfield code="r">Michael J. Greger und Ulrike Kammerhofer-Aggermann --</subfield>
    <subfield code="t">Mitarbeiterinnen und Mitarbeiter im Salzburg Museum 1933-1945 Zusammengestellt von Gerhard Plasser --</subfield>
    <subfield code="t">Die Ausstellung --</subfield>
    <subfield code="t">&quot;Anschluss, Krieg &amp; Trümmer&quot; : Dokumentation und Themen der Ausstellung /</subfield>
    <subfield code="r">Martin Hochleitner --</subfield>
    <subfield code="t">Bilder der Ausstellung &quot;Anschluss, Krieg &amp; Trümmer : Salzburg und sein Museum im Nationalsozialismus&quot; in der Kunsthalle des Salzburg Museum (März 2018) --</subfield>
    <subfield code="g">Anhang.</subfield>
  </datafield>
  <datafield tag="610" ind1="2" ind2="0">
    <subfield code="a">Salzburg Museum</subfield>
    <subfield code="v">Exhibitions.</subfield>
  </datafield>
  <datafield tag="650" ind1=" " ind2="0">
    <subfield code="a">National socialism</subfield>
    <subfield code="z">Austria</subfield>
    <subfield code="z">Salzburg</subfield>
    <subfield code="v">Exhibitions.</subfield>
  </datafield>
  <datafield tag="651" ind1=" " ind2="0">
    <subfield code="a">Salzburg (Austria)</subfield>
    <subfield code="x">History</subfield>
    <subfield code="y">20th century</subfield>
    <subfield code="v">Exhibitions.</subfield>
  </datafield>
  <datafield tag="610" ind1="2" ind2="4">
    <subfield code="a">Salzburger Museum Carolino Augusteum.</subfield>
  </datafield>
  <datafield tag="610" ind1="2" ind2="7">
    <subfield code="a">Salzburg Museum.</subfield>
    <subfield code="2">fast</subfield>
    <subfield code="0">(OCoLC)fst01791755</subfield>
  </datafield>
  <datafield tag="650" ind1=" " ind2="7">
    <subfield code="a">National socialism.</subfield>
    <subfield code="2">fast</subfield>
    <subfield code="0">(OCoLC)fst01033761</subfield>
  </datafield>
  <datafield tag="651" ind1=" " ind2="7">
    <subfield code="a">Austria</subfield>
    <subfield code="z">Salzburg.</subfield>
    <subfield code="2">fast</subfield>
    <subfield code="0">(OCoLC)fst01207927</subfield>
  </datafield>
  <datafield tag="648" ind1=" " ind2="7">
    <subfield code="a">1900-1999</subfield>
    <subfield code="2">fast</subfield>
  </datafield>
  <datafield tag="655" ind1=" " ind2="7">
    <subfield code="a">Exhibition catalogs.</subfield>
    <subfield code="2">fast</subfield>
    <subfield code="0">(OCoLC)fst01424028</subfield>
  </datafield>
  <datafield tag="655" ind1=" " ind2="7">
    <subfield code="a">History.</subfield>
    <subfield code="2">fast</subfield>
    <subfield code="0">(OCoLC)fst01411628</subfield>
  </datafield>
  <datafield tag="610" ind1="2" ind2="7">
    <subfield code="a">Salzburg Museum</subfield>
    <subfield code="2">gnd</subfield>
  </datafield>
  <datafield tag="650" ind1=" " ind2="7">
    <subfield code="a">Geschichte</subfield>
    <subfield code="2">gnd</subfield>
  </datafield>
  <datafield tag="650" ind1=" " ind2="7">
    <subfield code="a">Nationalsozialismus</subfield>
    <subfield code="2">gnd</subfield>
  </datafield>
  <datafield tag="650" ind1=" " ind2="7">
    <subfield code="a">Neuzeit</subfield>
    <subfield code="2">gnd</subfield>
  </datafield>
  <datafield tag="651" ind1=" " ind2="7">
    <subfield code="a">Österreich</subfield>
    <subfield code="2">gnd</subfield>
  </datafield>
  <datafield tag="651" ind1=" " ind2="7">
    <subfield code="a">Salzburg</subfield>
    <subfield code="2">gnd</subfield>
  </datafield>
  <datafield tag="710" ind1="2" ind2=" ">
    <subfield code="a">Salzburg Museum.</subfield>
  </datafield>
  <datafield tag="830" ind1=" " ind2="0">
    <subfield code="a">Jahresschrift (Salzburger Museum Carolino Augusteum) ;</subfield>
    <subfield code="v">Bd. 60.</subfield>
  </datafield>
  <datafield tag="923" ind1=" " ind2=" ">
    <subfield code="a">exchange</subfield>
    <subfield code="d">2019-12-05</subfield>
    <subfield code="s">94001100</subfield>
  </datafield>
</record>