
<record>
  <leader>02159nam a22003258i 4500</leader>
  <controlfield tag="001">21349680</controlfield>
  <controlfield tag="005">20200102140800.0</controlfield>
  <controlfield tag="008">200102s2020    nyu      b    001 0 eng  </controlfield>
  <datafield tag="906" ind1=" " ind2=" ">
    <subfield code="a">0</subfield>
    <subfield code="b">ibc</subfield>
    <subfield code="c">orignew</subfield>
    <subfield code="d">1</subfield>
    <subfield code="e">ecip</subfield>
    <subfield code="f">20</subfield>
    <subfield code="g">y-gencatlg</subfield>
  </datafield>
  <datafield tag="925" ind1="0" ind2=" ">
    <subfield code="a">acquire</subfield>
    <subfield code="b">1 shelf copy</subfield>
    <subfield code="x">policy default</subfield>
  </datafield>
  <datafield tag="955" ind1=" " ind2=" ">
    <subfield code="b">rk11 2020-01-02</subfield>
  </datafield>
  <datafield tag="010" ind1=" " ind2=" ">
    <subfield code="a">  2019056213</subfield>
  </datafield>
  <datafield tag="020" ind1=" " ind2=" ">
    <subfield code="a">9781108495943</subfield>
    <subfield code="q">(hardback)</subfield>
  </datafield>
  <datafield tag="020" ind1=" " ind2=" ">
    <subfield code="a">9781108811347</subfield>
    <subfield code="q">(paperback)</subfield>
  </datafield>
  <datafield tag="020" ind1=" " ind2=" ">
    <subfield code="z">9781108856416</subfield>
    <subfield code="q">(epub)</subfield>
  </datafield>
  <datafield tag="040" ind1=" " ind2=" ">
    <subfield code="a">DLC</subfield>
    <subfield code="b">eng</subfield>
    <subfield code="e">rda</subfield>
    <subfield code="c">DLC</subfield>
  </datafield>
  <datafield tag="042" ind1=" " ind2=" ">
    <subfield code="a">pcc</subfield>
  </datafield>
  <datafield tag="100" ind1="1" ind2=" ">
    <subfield code="a">Kahn, Dan&apos;el,</subfield>
    <subfield code="d">1969-</subfield>
    <subfield code="e">author.</subfield>
  </datafield>
  <datafield tag="245" ind1="1" ind2="0">
    <subfield code="a">Sennacherib&apos;s campaign against judah :</subfield>
    <subfield code="b">a source analysis of isaiah 36-37 /</subfield>
    <subfield code="c">Dan&apos;el Kahn.</subfield>
  </datafield>
  <datafield tag="250" ind1=" " ind2=" ">
    <subfield code="a">1.</subfield>
  </datafield>
  <datafield tag="263" ind1=" " ind2=" ">
    <subfield code="a">2006</subfield>
  </datafield>
  <datafield tag="264" ind1=" " ind2="1">
    <subfield code="a">New York :</subfield>
    <subfield code="b">Cambridge University Press,</subfield>
    <subfield code="c">2020.</subfield>
  </datafield>
  <datafield tag="300" ind1=" " ind2=" ">
    <subfield code="a">pages cm</subfield>
  </datafield>
  <datafield tag="336" ind1=" " ind2=" ">
    <subfield code="a">text</subfield>
    <subfield code="b">txt</subfield>
    <subfield code="2">rdacontent</subfield>
  </datafield>
  <datafield tag="337" ind1=" " ind2=" ">
    <subfield code="a">unmediated</subfield>
    <subfield code="b">n</subfield>
    <subfield code="2">rdamedia</subfield>
  </datafield>
  <datafield tag="338" ind1=" " ind2=" ">
    <subfield code="a">volume</subfield>
    <subfield code="b">nc</subfield>
    <subfield code="2">rdacarrier</subfield>
  </datafield>
  <datafield tag="490" ind1="0" ind2=" ">
    <subfield code="a">Society for old testament study monographs</subfield>
  </datafield>
  <datafield tag="504" ind1=" " ind2=" ">
    <subfield code="a">Includes bibliographical references and index.</subfield>
  </datafield>
  <datafield tag="520" ind1=" " ind2=" ">
    <subfield code="a">&quot;The campaign of Sennacherib against Judah is one of the most widely researched in Biblical Studies and Ancient Near East, and one that also poses scholarly challenges. Allusion to the event is found in Isaiah, Kings, and Chronicles, but there is no correlation between the Assyrian and Biblical descriptions of the same event. Dan&apos;el Kahn offers a textcritical analysis of these Biblical passages that allude to the military events. Detecting repetitions, breaks in the narrative, and contradictions and inconsistencies in the texts, he traces and reconstructs different and discrete sources. Kahn demonstrates that the Biblical passages are based on earlier sources that were later edited and revised by a third hand. Based on historical events that are found in non-Biblical texts, he also offers new dates for the sources. He claims that the narrative was written for the book of Isaiah, arguing that it predates the version found in Kings&quot;--</subfield>
    <subfield code="c">Provided by publisher.</subfield>
  </datafield>
  <datafield tag="776" ind1="0" ind2="8">
    <subfield code="i">Online version:</subfield>
    <subfield code="a">Kahn, Dan&apos;el, 1969-</subfield>
    <subfield code="t">Sennacherib&apos;s campaign against judah</subfield>
    <subfield code="b">1.</subfield>
    <subfield code="d">New York : Cambridge University Press, 2020.</subfield>
    <subfield code="z">9781108856416</subfield>
    <subfield code="w">(DLC) 2019056214</subfield>
  </datafield>
</record>