
<record>
  <leader>01597cjm a2200385 a 4500</leader>
  <controlfield tag="001">21349684</controlfield>
  <controlfield tag="005">20200102141037.0</controlfield>
  <controlfield tag="007">sd fsngnnmmned</controlfield>
  <controlfield tag="008">200102s1993    ncurcn|           | eng d</controlfield>
  <datafield tag="906" ind1=" " ind2=" ">
    <subfield code="a">7</subfield>
    <subfield code="b">cbc</subfield>
    <subfield code="c">copycat</subfield>
    <subfield code="d">2</subfield>
    <subfield code="e">ncip</subfield>
    <subfield code="f">20</subfield>
    <subfield code="g">y-soundrec</subfield>
  </datafield>
  <datafield tag="925" ind1="0" ind2=" ">
    <subfield code="a">acquire</subfield>
    <subfield code="b">2 shelf copies</subfield>
    <subfield code="x">policy default</subfield>
  </datafield>
  <datafield tag="955" ind1=" " ind2=" ">
    <subfield code="a">qr12 2020-01-02 z-client</subfield>
    <subfield code="i">qr12 2020-01-02</subfield>
  </datafield>
  <datafield tag="010" ind1=" " ind2=" ">
    <subfield code="a">  2020615811</subfield>
  </datafield>
  <datafield tag="024" ind1="1" ind2=" ">
    <subfield code="a">035498004926</subfield>
  </datafield>
  <datafield tag="028" ind1="0" ind2="2">
    <subfield code="a">MR0049</subfield>
    <subfield code="b">Mammoth</subfield>
    <subfield code="q">(disc label)</subfield>
  </datafield>
  <datafield tag="028" ind1="0" ind2="2">
    <subfield code="a">MR0049-2</subfield>
    <subfield code="b">Mammoth</subfield>
    <subfield code="q">(container spine)</subfield>
  </datafield>
  <datafield tag="035" ind1=" " ind2=" ">
    <subfield code="a">(OCoLC)ocm28573749</subfield>
  </datafield>
  <datafield tag="040" ind1=" " ind2=" ">
    <subfield code="a">EXR</subfield>
    <subfield code="b">eng</subfield>
    <subfield code="c">EXR</subfield>
    <subfield code="d">BGU</subfield>
    <subfield code="d">OCLCO</subfield>
    <subfield code="d">OCLCQ</subfield>
    <subfield code="d">OCLCF</subfield>
    <subfield code="d">OCL</subfield>
    <subfield code="d">OCLCQ</subfield>
    <subfield code="d">DLC</subfield>
  </datafield>
  <datafield tag="042" ind1=" " ind2=" ">
    <subfield code="a">lccopycat</subfield>
  </datafield>
  <datafield tag="050" ind1="0" ind2="0">
    <subfield code="a">SDD 32399</subfield>
  </datafield>
  <datafield tag="110" ind1="2" ind2=" ">
    <subfield code="a">Dillon Fence (Musical group)</subfield>
    <subfield code="4">prf</subfield>
  </datafield>
  <datafield tag="245" ind1="1" ind2="0">
    <subfield code="a">Outside in /</subfield>
    <subfield code="c">Dillon Fence.</subfield>
  </datafield>
  <datafield tag="260" ind1=" " ind2=" ">
    <subfield code="a">Carrboro, NC :</subfield>
    <subfield code="b">Mammoth,</subfield>
    <subfield code="c">℗1993.</subfield>
  </datafield>
  <datafield tag="300" ind1=" " ind2=" ">
    <subfield code="a">1 audio disc :</subfield>
    <subfield code="b">digital ;</subfield>
    <subfield code="c">4 3/4 in.</subfield>
  </datafield>
  <datafield tag="336" ind1=" " ind2=" ">
    <subfield code="a">performed music</subfield>
    <subfield code="b">prm</subfield>
    <subfield code="2">rdacontent</subfield>
  </datafield>
  <datafield tag="337" ind1=" " ind2=" ">
    <subfield code="a">audio</subfield>
    <subfield code="b">s</subfield>
    <subfield code="2">rdamedia</subfield>
  </datafield>
  <datafield tag="338" ind1=" " ind2=" ">
    <subfield code="a">audio disc</subfield>
    <subfield code="b">sd</subfield>
    <subfield code="2">rdacarrier</subfield>
  </datafield>
  <datafield tag="500" ind1=" " ind2=" ">
    <subfield code="a">Rock music.</subfield>
  </datafield>
  <datafield tag="511" ind1="0" ind2=" ">
    <subfield code="a">Dillon Fence: Chris Goode, bass, vocals ; Scott Carle, drums, vocals ; Kent Alphin, guitar, vocals ; Greg Humphreys, vocals, guitar.</subfield>
  </datafield>
  <datafield tag="518" ind1=" " ind2=" ">
    <subfield code="a">Recorded at Fort Apache, Cambridge MA.</subfield>
  </datafield>
  <datafield tag="500" ind1=" " ind2=" ">
    <subfield code="a">Compact disc.</subfield>
  </datafield>
  <datafield tag="505" ind1="0" ind2="0">
    <subfield code="t">Collapsis --</subfield>
    <subfield code="t">Poor poor lonely --</subfield>
    <subfield code="t">Safety net --</subfield>
    <subfield code="t">Remember --</subfield>
    <subfield code="t">Union Grove --</subfield>
    <subfield code="t">One bad habit --</subfield>
    <subfield code="t">Any other way --</subfield>
    <subfield code="t">Waking up --</subfield>
    <subfield code="t">Black eyed Susan --</subfield>
    <subfield code="t">Lisa Marie --</subfield>
    <subfield code="t">Headache --</subfield>
    <subfield code="t">Hold me down --</subfield>
    <subfield code="t">Inward ho --</subfield>
    <subfield code="t">Hard to please.</subfield>
  </datafield>
  <datafield tag="650" ind1=" " ind2="0">
    <subfield code="a">Rock music</subfield>
    <subfield code="y">1991-2000.</subfield>
  </datafield>
  <datafield tag="650" ind1=" " ind2="7">
    <subfield code="a">Rock music.</subfield>
    <subfield code="2">fast</subfield>
    <subfield code="0">(OCoLC)fst01099204</subfield>
  </datafield>
  <datafield tag="648" ind1=" " ind2="7">
    <subfield code="a">1991-2000</subfield>
    <subfield code="2">fast</subfield>
  </datafield>
</record>