
<record>
  <leader>02835cam a22004698i 4500</leader>
  <controlfield tag="001">21349689</controlfield>
  <controlfield tag="005">20200102163912.0</controlfield>
  <controlfield tag="008">200102s2020    riu      b    000 0 eng  </controlfield>
  <datafield tag="906" ind1=" " ind2=" ">
    <subfield code="a">7</subfield>
    <subfield code="b">cbc</subfield>
    <subfield code="c">orignew</subfield>
    <subfield code="d">1</subfield>
    <subfield code="e">ecip</subfield>
    <subfield code="f">20</subfield>
    <subfield code="g">y-gencatlg</subfield>
  </datafield>
  <datafield tag="925" ind1="0" ind2=" ">
    <subfield code="a">acquire</subfield>
    <subfield code="b">1 shelf copy</subfield>
    <subfield code="x">policy default</subfield>
  </datafield>
  <datafield tag="955" ind1=" " ind2=" ">
    <subfield code="b">rl12 2020-01-02</subfield>
    <subfield code="i">rl12 2020-01-02 to Dewey</subfield>
    <subfield code="w">xm06 2020-01-02</subfield>
  </datafield>
  <datafield tag="010" ind1=" " ind2=" ">
    <subfield code="a">  2019059330</subfield>
  </datafield>
  <datafield tag="020" ind1=" " ind2=" ">
    <subfield code="a">9781470454258</subfield>
    <subfield code="q">(paperback)</subfield>
  </datafield>
  <datafield tag="020" ind1=" " ind2=" ">
    <subfield code="z">9781470456429</subfield>
    <subfield code="q">(ebook)</subfield>
  </datafield>
  <datafield tag="040" ind1=" " ind2=" ">
    <subfield code="a">DLC</subfield>
    <subfield code="b">eng</subfield>
    <subfield code="e">rda</subfield>
    <subfield code="c">DLC</subfield>
  </datafield>
  <datafield tag="042" ind1=" " ind2=" ">
    <subfield code="a">pcc</subfield>
  </datafield>
  <datafield tag="050" ind1="0" ind2="0">
    <subfield code="a">QA184.2</subfield>
    <subfield code="b">.G7255 2020</subfield>
  </datafield>
  <datafield tag="082" ind1="0" ind2="0">
    <subfield code="a">512/.5</subfield>
    <subfield code="2">23</subfield>
  </datafield>
  <datafield tag="084" ind1=" " ind2=" ">
    <subfield code="a">97H60</subfield>
    <subfield code="a">15-01</subfield>
    <subfield code="a">15A04</subfield>
    <subfield code="a">15A15</subfield>
    <subfield code="a">15A16</subfield>
    <subfield code="a">15A18</subfield>
    <subfield code="a">15A21</subfield>
    <subfield code="a">40A05</subfield>
    <subfield code="a">40A25</subfield>
    <subfield code="a">20B30</subfield>
    <subfield code="2">msc</subfield>
  </datafield>
  <datafield tag="100" ind1="1" ind2=" ">
    <subfield code="a">Greenleaf, Frederick P.,</subfield>
    <subfield code="e">author.</subfield>
  </datafield>
  <datafield tag="245" ind1="1" ind2="0">
    <subfield code="a">Linear algebra II /</subfield>
    <subfield code="c">Frederick P. Greenleaf, Courant Institute, New York University, Sophie Marques, Stellenbosch University.</subfield>
  </datafield>
  <datafield tag="263" ind1=" " ind2=" ">
    <subfield code="a">2004</subfield>
  </datafield>
  <datafield tag="264" ind1=" " ind2="1">
    <subfield code="a">Providence, RI :</subfield>
    <subfield code="b">American Mathematical Society,</subfield>
    <subfield code="c">[2020]</subfield>
  </datafield>
  <datafield tag="300" ind1=" " ind2=" ">
    <subfield code="a">pages cm</subfield>
  </datafield>
  <datafield tag="336" ind1=" " ind2=" ">
    <subfield code="a">text</subfield>
    <subfield code="b">txt</subfield>
    <subfield code="2">rdacontent</subfield>
  </datafield>
  <datafield tag="337" ind1=" " ind2=" ">
    <subfield code="a">unmediated</subfield>
    <subfield code="b">n</subfield>
    <subfield code="2">rdamedia</subfield>
  </datafield>
  <datafield tag="338" ind1=" " ind2=" ">
    <subfield code="a">volume</subfield>
    <subfield code="b">nc</subfield>
    <subfield code="2">rdacarrier</subfield>
  </datafield>
  <datafield tag="490" ind1="0" ind2=" ">
    <subfield code="a">Courant lecture notes in mathematics,</subfield>
    <subfield code="x">1529-9031 ;</subfield>
    <subfield code="v">30</subfield>
  </datafield>
  <datafield tag="504" ind1=" " ind2=" ">
    <subfield code="a">Includes bibliographical references.</subfield>
  </datafield>
  <datafield tag="520" ind1=" " ind2=" ">
    <subfield code="a">&quot;The pdf contains a draft title page, draft copyright page, and draft manuscript&quot;--</subfield>
    <subfield code="c">Provided by publisher.</subfield>
  </datafield>
  <datafield tag="650" ind1=" " ind2="0">
    <subfield code="a">Algebras, Linear.</subfield>
  </datafield>
  <datafield tag="650" ind1=" " ind2="7">
    <subfield code="a">Mathematics education -- Algebra -- Linear algebra.</subfield>
    <subfield code="2">msc</subfield>
  </datafield>
  <datafield tag="650" ind1=" " ind2="7">
    <subfield code="a">Linear and multilinear algebra; matrix theory -- Instructional exposition (textbooks, tutorial papers, etc.).</subfield>
    <subfield code="2">msc</subfield>
  </datafield>
  <datafield tag="650" ind1=" " ind2="7">
    <subfield code="a">Linear and multilinear algebra; matrix theory -- Basic linear algebra -- Linear transformations, semilinear transformations.</subfield>
    <subfield code="2">msc</subfield>
  </datafield>
  <datafield tag="650" ind1=" " ind2="7">
    <subfield code="a">Linear and multilinear algebra; matrix theory -- Basic linear algebra -- Determinants, permanents, other special matrix functions [See also 19B10, 19B14].</subfield>
    <subfield code="2">msc</subfield>
  </datafield>
  <datafield tag="650" ind1=" " ind2="7">
    <subfield code="a">Linear and multilinear algebra; matrix theory -- Basic linear algebra -- Matrix exponential and similar functions of matrices.</subfield>
    <subfield code="2">msc</subfield>
  </datafield>
  <datafield tag="650" ind1=" " ind2="7">
    <subfield code="a">Linear and multilinear algebra; matrix theory -- Basic linear algebra -- Eigenvalues, singular values, and eigenvectors.</subfield>
    <subfield code="2">msc</subfield>
  </datafield>
  <datafield tag="650" ind1=" " ind2="7">
    <subfield code="a">Linear and multilinear algebra; matrix theory -- Basic linear algebra -- Canonical forms, reductions, classification.</subfield>
    <subfield code="2">msc</subfield>
  </datafield>
  <datafield tag="650" ind1=" " ind2="7">
    <subfield code="a">Sequences, series, summability -- Convergence and divergence of infinite limiting processes -- Convergence and divergence of series and sequences.</subfield>
    <subfield code="2">msc</subfield>
  </datafield>
  <datafield tag="650" ind1=" " ind2="7">
    <subfield code="a">Sequences, series, summability -- Convergence and divergence of infinite limiting processes -- Approximation to limiting values (summation of series, etc.) {For the Euler-Maclaurin summation formula,</subfield>
    <subfield code="2">msc</subfield>
  </datafield>
  <datafield tag="650" ind1=" " ind2="7">
    <subfield code="a">Group theory and generalizations -- Permutation groups -- Symmetric groups.</subfield>
    <subfield code="2">msc</subfield>
  </datafield>
  <datafield tag="700" ind1="1" ind2=" ">
    <subfield code="a">Marques, Sophie,</subfield>
    <subfield code="d">1986-</subfield>
    <subfield code="e">author.</subfield>
  </datafield>
</record>