
<record>
  <leader>01446cam a22003375a 4500</leader>
  <controlfield tag="001">21349693</controlfield>
  <controlfield tag="005">20200102141933.0</controlfield>
  <controlfield tag="008">200102s1481    it            000 0 lat  </controlfield>
  <datafield tag="906" ind1=" " ind2=" ">
    <subfield code="a">0</subfield>
    <subfield code="b">ibc</subfield>
    <subfield code="c">orignew</subfield>
    <subfield code="d">2</subfield>
    <subfield code="e">ncip</subfield>
    <subfield code="f">20</subfield>
    <subfield code="g">y-genrareb</subfield>
  </datafield>
  <datafield tag="955" ind1=" " ind2=" ">
    <subfield code="b">he04 2020-01-02</subfield>
    <subfield code="i">he04 2020-01-02</subfield>
  </datafield>
  <datafield tag="010" ind1=" " ind2=" ">
    <subfield code="a">  2018659158</subfield>
  </datafield>
  <datafield tag="040" ind1=" " ind2=" ">
    <subfield code="a">DLC</subfield>
    <subfield code="c">DLC</subfield>
    <subfield code="e">dcrmb</subfield>
  </datafield>
  <datafield tag="050" ind1="0" ind2="0">
    <subfield code="a">PA8475.B6</subfield>
    <subfield code="b">C37 1481</subfield>
  </datafield>
  <datafield tag="100" ind1="1" ind2=" ">
    <subfield code="a">Beroaldo, Filippo,</subfield>
    <subfield code="d">1453-1505.</subfield>
  </datafield>
  <datafield tag="245" ind1="1" ind2="0">
    <subfield code="a">Carmen Philippi Beroaldi De die dominicae passionis.</subfield>
  </datafield>
  <datafield tag="246" ind1="3" ind2="0">
    <subfield code="a">De die dominicae passionis</subfield>
  </datafield>
  <datafield tag="260" ind1=" " ind2=" ">
    <subfield code="a">Impressu[m] bononie :</subfield>
    <subfield code="b">[Balthasar Azoguidus],</subfield>
    <subfield code="c">pridie calendas maii MCCCCLxxxi [30 Apr. 1481]</subfield>
  </datafield>
  <datafield tag="300" ind1=" " ind2=" ">
    <subfield code="a">[8] p. ;</subfield>
    <subfield code="c">21 cm (4to)</subfield>
  </datafield>
  <datafield tag="500" ind1=" " ind2=" ">
    <subfield code="a">Caption title.</subfield>
  </datafield>
  <datafield tag="500" ind1=" " ind2=" ">
    <subfield code="a">Place and imprint date from colophon; printer from ISTC.</subfield>
  </datafield>
  <datafield tag="500" ind1=" " ind2=" ">
    <subfield code="a">Signatures: [1]⁴.</subfield>
  </datafield>
  <datafield tag="510" ind1="4" ind2=" ">
    <subfield code="a">Goff, F.R. Incunabula in American libraries,</subfield>
    <subfield code="c">B-468</subfield>
  </datafield>
  <datafield tag="510" ind1="4" ind2=" ">
    <subfield code="a">Gesamtkatalog der Wiegendrucke,</subfield>
    <subfield code="c">4118</subfield>
  </datafield>
  <datafield tag="510" ind1="4" ind2=" ">
    <subfield code="a">Incunabula Short Title Catalogue,</subfield>
    <subfield code="c">ib00468000</subfield>
  </datafield>
  <datafield tag="500" ind1=" " ind2=" ">
    <subfield code="a">&quot;Eiusde[m] endecassyllabon de officio scribae&quot;: leaf [1]3 verso.</subfield>
  </datafield>
  <datafield tag="500" ind1=" " ind2=" ">
    <subfield code="a">&quot;Eiusdem vir prudens&quot;: leaf [1]4.</subfield>
  </datafield>
  <datafield tag="500" ind1=" " ind2=" ">
    <subfield code="a">LC copy has a dealer&apos;s description mounted on p. [2] of cover. Ms. note in Italian on blue leaf bound in after binder&apos;s blanks.</subfield>
    <subfield code="5">DLC</subfield>
  </datafield>
  <datafield tag="655" ind1=" " ind2="7">
    <subfield code="a">Incunabula.</subfield>
    <subfield code="2">rbgenr</subfield>
  </datafield>
  <datafield tag="700" ind1="1" ind2=" ">
    <subfield code="a">Azoguidus, Balthasar,</subfield>
    <subfield code="d">active 1471-1480,</subfield>
    <subfield code="e">printer.</subfield>
  </datafield>
  <datafield tag="710" ind1="2" ind2=" ">
    <subfield code="a">Otto Vollbehr Collection (Library of Congress)</subfield>
    <subfield code="5">DLC</subfield>
  </datafield>
  <datafield tag="752" ind1=" " ind2=" ">
    <subfield code="a">Italy</subfield>
    <subfield code="d">Bologna.</subfield>
  </datafield>
</record>