
<record>
  <leader>03006cam a22004455i 4500</leader>
  <controlfield tag="001">21349699</controlfield>
  <controlfield tag="005">20200102141823.0</controlfield>
  <controlfield tag="008">200102t20192019nyu      b    000 0 eng d</controlfield>
  <datafield tag="906" ind1=" " ind2=" ">
    <subfield code="a">0</subfield>
    <subfield code="b">ibc</subfield>
    <subfield code="c">copycat</subfield>
    <subfield code="d">2</subfield>
    <subfield code="e">ncip</subfield>
    <subfield code="f">20</subfield>
    <subfield code="g">y-gencatlg</subfield>
  </datafield>
  <datafield tag="925" ind1="0" ind2=" ">
    <subfield code="a">acquire</subfield>
    <subfield code="b">1 shelf copy</subfield>
    <subfield code="x">policy default</subfield>
  </datafield>
  <datafield tag="955" ind1=" " ind2=" ">
    <subfield code="b">xn11 2020-01-02 z-processor to USASH</subfield>
  </datafield>
  <datafield tag="010" ind1=" " ind2=" ">
    <subfield code="a">  2019287117</subfield>
  </datafield>
  <datafield tag="020" ind1=" " ind2=" ">
    <subfield code="a">9781984823120</subfield>
  </datafield>
  <datafield tag="020" ind1=" " ind2=" ">
    <subfield code="a">1984823124</subfield>
  </datafield>
  <datafield tag="035" ind1=" " ind2=" ">
    <subfield code="a">(OCoLC)on1079845097</subfield>
  </datafield>
  <datafield tag="040" ind1=" " ind2=" ">
    <subfield code="a">YDX</subfield>
    <subfield code="b">eng</subfield>
    <subfield code="c">YDX</subfield>
    <subfield code="e">rda</subfield>
    <subfield code="d">OCP</subfield>
    <subfield code="d">JAS</subfield>
    <subfield code="d">VP@</subfield>
    <subfield code="d">BDX</subfield>
    <subfield code="d">CLE</subfield>
    <subfield code="d">JES</subfield>
    <subfield code="d">OCLCF</subfield>
    <subfield code="d">OCLCQ</subfield>
    <subfield code="d">YDX</subfield>
    <subfield code="d">OCLCQ</subfield>
    <subfield code="d">DLC</subfield>
  </datafield>
  <datafield tag="042" ind1=" " ind2=" ">
    <subfield code="a">lccopycat</subfield>
  </datafield>
  <datafield tag="082" ind1="0" ind2="4">
    <subfield code="a">296.155</subfield>
    <subfield code="2">23</subfield>
  </datafield>
  <datafield tag="097" ind1="0" ind2="0">
    <subfield code="a">BM487</subfield>
    <subfield code="b">.B4625 2019</subfield>
  </datafield>
  <datafield tag="100" ind1="1" ind2=" ">
    <subfield code="a">Bergsma, John Sietze,</subfield>
    <subfield code="e">author.</subfield>
  </datafield>
  <datafield tag="245" ind1="1" ind2="0">
    <subfield code="a">Jesus and the Dead Sea scrolls :</subfield>
    <subfield code="b">revealing the Jewish roots of Christianity /</subfield>
    <subfield code="c">John Bergsma.</subfield>
  </datafield>
  <datafield tag="246" ind1="3" ind2="0">
    <subfield code="a">Revealing the Jewish roots of Christianity</subfield>
  </datafield>
  <datafield tag="250" ind1=" " ind2=" ">
    <subfield code="a">First edition</subfield>
  </datafield>
  <datafield tag="264" ind1=" " ind2="1">
    <subfield code="a">New York :</subfield>
    <subfield code="b">Image, an imprint of Random House</subfield>
    <subfield code="c">[2019]</subfield>
  </datafield>
  <datafield tag="264" ind1=" " ind2="4">
    <subfield code="c">©2019</subfield>
  </datafield>
  <datafield tag="300" ind1=" " ind2=" ">
    <subfield code="a">xiv, 256 pages ;</subfield>
    <subfield code="c">22 cm</subfield>
  </datafield>
  <datafield tag="336" ind1=" " ind2=" ">
    <subfield code="a">text</subfield>
    <subfield code="b">txt</subfield>
    <subfield code="2">rdacontent</subfield>
  </datafield>
  <datafield tag="337" ind1=" " ind2=" ">
    <subfield code="a">unmediated</subfield>
    <subfield code="b">n</subfield>
    <subfield code="2">rdamedia</subfield>
  </datafield>
  <datafield tag="338" ind1=" " ind2=" ">
    <subfield code="a">volume</subfield>
    <subfield code="b">nc</subfield>
    <subfield code="2">rdacarrier</subfield>
  </datafield>
  <datafield tag="504" ind1=" " ind2=" ">
    <subfield code="a">Includes bibliographical references.</subfield>
  </datafield>
  <datafield tag="505" ind1="0" ind2=" ">
    <subfield code="a">The archeological find of the twentieth century -- Waiting for the Messiah -- The scrolls, John the Baptist, and baptism -- The scrolls, John the Apostle, and baptism -- Baptism today -- Did Qumran have a &quot;eucharist&quot;? -- When was the Last Supper? -- Putting it all together: reading the Last Supper in light of the scrolls -- Celibacy in the scrolls -- Marriage in the scrolls -- Priesthood and the scrolls -- Priesthood in the Gospels -- Priesthood in the early church -- Did St. Paul write anything about the church? -- The scrolls, the Reformation, and church unity -- The Essenes and the early church: what is the relationship?</subfield>
  </datafield>
  <datafield tag="520" ind1="8" ind2=" ">
    <subfield code="a">This book sheds light on the almost-forgotten Jewish sect of the Essenes, a radical religious group with striking parallels to the first Christians. The library of these devout worshipers is known to moderns as the Dead Sea Scrolls, the only surviving Jewish documents written before or during the lifetime of Jesus. Bergsma reveals how the Judaism of this sect influenced the beliefs, sacraments, and practices of early Christianity, eventually transforming the Roman Empire and Western civilization. Curious details and often ignored oddities in the Gospels and other New Testament books suddenly make sense and come to life against the backdrop of the Dead Sea Scrolls, which reveal a kind of Judaism unknown to most readers today. --Book jacket.</subfield>
  </datafield>
  <datafield tag="630" ind1="0" ind2="0">
    <subfield code="a">Dead Sea scrolls</subfield>
    <subfield code="x">Criticism, interpretation, etc.</subfield>
  </datafield>
  <datafield tag="630" ind1="0" ind2="0">
    <subfield code="a">Dead Sea scrolls</subfield>
    <subfield code="x">Relation to the New Testament.</subfield>
  </datafield>
  <datafield tag="650" ind1=" " ind2="0">
    <subfield code="a">Christianity</subfield>
    <subfield code="x">Origin.</subfield>
  </datafield>
  <datafield tag="650" ind1=" " ind2="0">
    <subfield code="a">Essenes.</subfield>
  </datafield>
  <datafield tag="630" ind1="0" ind2="7">
    <subfield code="a">Dead Sea scrolls.</subfield>
    <subfield code="2">fast</subfield>
    <subfield code="0">(OCoLC)fst01356176</subfield>
  </datafield>
  <datafield tag="650" ind1=" " ind2="7">
    <subfield code="a">Christianity</subfield>
    <subfield code="x">Origin.</subfield>
    <subfield code="2">fast</subfield>
    <subfield code="0">(OCoLC)fst00859622</subfield>
  </datafield>
  <datafield tag="650" ind1=" " ind2="7">
    <subfield code="a">Essenes.</subfield>
    <subfield code="2">fast</subfield>
    <subfield code="0">(OCoLC)fst00915461</subfield>
  </datafield>
  <datafield tag="655" ind1=" " ind2="7">
    <subfield code="a">Criticism, interpretation, etc.</subfield>
    <subfield code="2">fast</subfield>
    <subfield code="0">(OCoLC)fst01411635</subfield>
  </datafield>
</record>