
<record>
  <leader>02577cam a22003258i 4500</leader>
  <controlfield tag="001">21349707</controlfield>
  <controlfield tag="005">20200102143917.0</controlfield>
  <controlfield tag="008">200102s2020    flu      b    001 0 eng  </controlfield>
  <datafield tag="906" ind1=" " ind2=" ">
    <subfield code="a">0</subfield>
    <subfield code="b">ibc</subfield>
    <subfield code="c">orignew</subfield>
    <subfield code="d">1</subfield>
    <subfield code="e">ecip</subfield>
    <subfield code="f">20</subfield>
    <subfield code="g">y-gencatlg</subfield>
  </datafield>
  <datafield tag="925" ind1="0" ind2=" ">
    <subfield code="a">acquire</subfield>
    <subfield code="b">1 shelf copy</subfield>
    <subfield code="x">policy default</subfield>
  </datafield>
  <datafield tag="955" ind1=" " ind2=" ">
    <subfield code="b">rl12 2020-01-02</subfield>
    <subfield code="i">rl12 2020-01-02 to Dewey</subfield>
  </datafield>
  <datafield tag="010" ind1=" " ind2=" ">
    <subfield code="a">  2019059892</subfield>
  </datafield>
  <datafield tag="020" ind1=" " ind2=" ">
    <subfield code="a">9780367183844</subfield>
    <subfield code="q">(hardback)</subfield>
  </datafield>
  <datafield tag="020" ind1=" " ind2=" ">
    <subfield code="z">9780429061257</subfield>
    <subfield code="q">(ebook)</subfield>
  </datafield>
  <datafield tag="040" ind1=" " ind2=" ">
    <subfield code="a">DLC</subfield>
    <subfield code="b">eng</subfield>
    <subfield code="e">rda</subfield>
    <subfield code="c">DLC</subfield>
  </datafield>
  <datafield tag="042" ind1=" " ind2=" ">
    <subfield code="a">pcc</subfield>
  </datafield>
  <datafield tag="050" ind1="0" ind2="0">
    <subfield code="a">TP248.E5</subfield>
    <subfield code="b">M53 2020</subfield>
  </datafield>
  <datafield tag="245" ind1="0" ind2="0">
    <subfield code="a">Microbial fermentation and enzyme technology /</subfield>
    <subfield code="c">[edited by] Hrudayanath Thatoi (Department of Biotechnology, North Orissa University), Pradeep K. Das Mohapatra (Department of Microbiology, Raiganj University), Sonali Mohapatra (Department of Biotechnology, College of  Engineering and technology) and Keshab C. Mondal (Department of  Microbiology Vidyasagar University).</subfield>
  </datafield>
  <datafield tag="263" ind1=" " ind2=" ">
    <subfield code="a">2005</subfield>
  </datafield>
  <datafield tag="264" ind1=" " ind2="1">
    <subfield code="a">Boca Raton :</subfield>
    <subfield code="b">CRC Press,</subfield>
    <subfield code="c">[2020]</subfield>
  </datafield>
  <datafield tag="300" ind1=" " ind2=" ">
    <subfield code="a">pages cm</subfield>
  </datafield>
  <datafield tag="336" ind1=" " ind2=" ">
    <subfield code="a">text</subfield>
    <subfield code="b">txt</subfield>
    <subfield code="2">rdacontent</subfield>
  </datafield>
  <datafield tag="337" ind1=" " ind2=" ">
    <subfield code="a">unmediated</subfield>
    <subfield code="b">n</subfield>
    <subfield code="2">rdamedia</subfield>
  </datafield>
  <datafield tag="338" ind1=" " ind2=" ">
    <subfield code="a">volume</subfield>
    <subfield code="b">nc</subfield>
    <subfield code="2">rdacarrier</subfield>
  </datafield>
  <datafield tag="504" ind1=" " ind2=" ">
    <subfield code="a">Includes bibliographical references and index.</subfield>
  </datafield>
  <datafield tag="520" ind1=" " ind2=" ">
    <subfield code="a">&quot;The discovery of enzymes as biocatalysts has led to various biotechnological developments. The capability of enzymes to catalyse various chemical reactions both invivo and invitro has led them to applications in various industries, such as food, feed, pharmaceutical, diagnostics, detergent, textile, paper, leather, and fine chemical industries. Microbial Fermentation and Enzyme Technology mainly focuses on production and application of enzymes in various industries. Further, it also discusses recent developments in enzyme engineering particularly those involved in creating and improving product formations through enzyme and fermentation technology. Salient Features: Includes current research and developments in the area of microbial aspects in different fields like food, chemicals, pharmaceutical, bioprocess etc. Discusses various enzymes that are used in refinement of environmental pollutions and its application in different industrial sectors Focuses on production and application of enzymes in various industry Highlights recent developments in enzyme engineering with respect to its application in textile, pharmaceutical, nanobiotechnology, bioremediation and many other related fields&quot;--</subfield>
    <subfield code="c">Provided by publisher.</subfield>
  </datafield>
  <datafield tag="650" ind1=" " ind2="0">
    <subfield code="a">Enzymes</subfield>
    <subfield code="x">Industrial applications.</subfield>
  </datafield>
  <datafield tag="650" ind1=" " ind2="0">
    <subfield code="a">Fermentation.</subfield>
  </datafield>
  <datafield tag="650" ind1=" " ind2="0">
    <subfield code="a">Fermentation products industry.</subfield>
  </datafield>
  <datafield tag="700" ind1="1" ind2=" ">
    <subfield code="a">Thatoi, H. N.,</subfield>
    <subfield code="e">editor.</subfield>
  </datafield>
</record>