
<record>
  <leader>02422cam a22003498i 4500</leader>
  <controlfield tag="001">21349719</controlfield>
  <controlfield tag="005">20200102163918.0</controlfield>
  <controlfield tag="008">200102s2020    mdu           000 0 eng  </controlfield>
  <datafield tag="906" ind1=" " ind2=" ">
    <subfield code="a">7</subfield>
    <subfield code="b">cbc</subfield>
    <subfield code="c">orignew</subfield>
    <subfield code="d">1</subfield>
    <subfield code="e">ecip</subfield>
    <subfield code="f">20</subfield>
    <subfield code="g">y-gencatlg</subfield>
  </datafield>
  <datafield tag="925" ind1="0" ind2=" ">
    <subfield code="a">acquire</subfield>
    <subfield code="b">1 shelf copy</subfield>
    <subfield code="x">policy default</subfield>
  </datafield>
  <datafield tag="955" ind1=" " ind2=" ">
    <subfield code="b">cm07 2020-01-02 telework</subfield>
    <subfield code="i">cm07 2020-01-02 telework to Dewey</subfield>
    <subfield code="w">xm09 2020-1-2</subfield>
  </datafield>
  <datafield tag="010" ind1=" " ind2=" ">
    <subfield code="a">  2019052785</subfield>
  </datafield>
  <datafield tag="020" ind1=" " ind2=" ">
    <subfield code="a">9781683340843</subfield>
    <subfield code="q">(paperback)</subfield>
  </datafield>
  <datafield tag="020" ind1=" " ind2=" ">
    <subfield code="z">9781683340850</subfield>
    <subfield code="q">(epub)</subfield>
  </datafield>
  <datafield tag="040" ind1=" " ind2=" ">
    <subfield code="a">DLC</subfield>
    <subfield code="b">eng</subfield>
    <subfield code="e">rda</subfield>
    <subfield code="c">DLC</subfield>
  </datafield>
  <datafield tag="042" ind1=" " ind2=" ">
    <subfield code="a">pcc</subfield>
  </datafield>
  <datafield tag="043" ind1=" " ind2=" ">
    <subfield code="a">n-us-fl</subfield>
  </datafield>
  <datafield tag="050" ind1="0" ind2="0">
    <subfield code="a">GR110.F5</subfield>
    <subfield code="b">A5324 2020</subfield>
  </datafield>
  <datafield tag="082" ind1="0" ind2="0">
    <subfield code="a">398.209759</subfield>
    <subfield code="2">23</subfield>
  </datafield>
  <datafield tag="100" ind1="1" ind2=" ">
    <subfield code="a">Alderson, Doug,</subfield>
    <subfield code="e">author.</subfield>
  </datafield>
  <datafield tag="245" ind1="1" ind2="0">
    <subfield code="a">Spooky stories from the swamp :</subfield>
    <subfield code="b">tales from the Florida back country /</subfield>
    <subfield code="c">Doug Alderson.</subfield>
  </datafield>
  <datafield tag="263" ind1=" " ind2=" ">
    <subfield code="a">2007</subfield>
  </datafield>
  <datafield tag="264" ind1=" " ind2="1">
    <subfield code="a">Lanham :</subfield>
    <subfield code="b">Pineapple Press,</subfield>
    <subfield code="c">2020.</subfield>
  </datafield>
  <datafield tag="300" ind1=" " ind2=" ">
    <subfield code="a">pages cm</subfield>
  </datafield>
  <datafield tag="336" ind1=" " ind2=" ">
    <subfield code="a">text</subfield>
    <subfield code="b">txt</subfield>
    <subfield code="2">rdacontent</subfield>
  </datafield>
  <datafield tag="337" ind1=" " ind2=" ">
    <subfield code="a">unmediated</subfield>
    <subfield code="b">n</subfield>
    <subfield code="2">rdamedia</subfield>
  </datafield>
  <datafield tag="338" ind1=" " ind2=" ">
    <subfield code="a">volume</subfield>
    <subfield code="b">nc</subfield>
    <subfield code="2">rdacarrier</subfield>
  </datafield>
  <datafield tag="520" ind1=" " ind2=" ">
    <subfield code="a">&quot;Florida&apos;s famous swamps-from the Everglades to Mosquito Lagoon to Tate&apos;s Hell-serve as fitting backdrops for these chilling original stories. Maybe it&apos;s because they are often wet, shadowy places of wild beauty where few people dare to penetrate. They are havens for snakes, alligators, black bears, wildcats, and who knows what. People on the run have often hidden in swamps, while others have gotten lost in the watery expanses; the swamp can be a refuge or a nightmare. Mysterious things just happen in swamps. Maybe it&apos;s because they are often wet, shadowy places of wild beauty where few people dare to penetrate. They are havens for snakes, alligators, black bears, wildcats, and who knows what. People on the run have often hidden in swamps, while others have gotten lost in the watery expanses; the swamp can be a refuge or a nightmare. Where else can you find a ghost baby, or an angry specter, or a lost soul? How about a ghost who is obsessed with the ghost orchid, or an alluring snake woman? Throw in a skunk ape or two and you&apos;ve got the ingredients for many entertaining hours sharing these stories around a campfire or reading them to yourself or out loud&quot;--</subfield>
    <subfield code="c">Provided by publisher.</subfield>
  </datafield>
  <datafield tag="650" ind1=" " ind2="0">
    <subfield code="a">Tales</subfield>
    <subfield code="z">Florida.</subfield>
  </datafield>
  <datafield tag="650" ind1=" " ind2="0">
    <subfield code="a">Legends</subfield>
    <subfield code="z">Florida.</subfield>
  </datafield>
  <datafield tag="650" ind1=" " ind2="0">
    <subfield code="a">Swamps</subfield>
    <subfield code="z">Florida</subfield>
    <subfield code="v">Folklore.</subfield>
  </datafield>
  <datafield tag="776" ind1="0" ind2="8">
    <subfield code="i">Online version:</subfield>
    <subfield code="a">Alderson, Doug, 1957-</subfield>
    <subfield code="t">Spooky stories from the swamp</subfield>
    <subfield code="d">Lanham : Pineapple Press, 2020.</subfield>
    <subfield code="z">9781683340850</subfield>
    <subfield code="w">(DLC) 2019052786</subfield>
  </datafield>
</record>