
<record>
  <leader>02438cjm a2200517 i 4500</leader>
  <controlfield tag="001">21349725</controlfield>
  <controlfield tag="005">20200102144437.0</controlfield>
  <controlfield tag="007">sd fsngnnmmned</controlfield>
  <controlfield tag="008">200102t19961996nyucyn|  d        | eng d</controlfield>
  <datafield tag="906" ind1=" " ind2=" ">
    <subfield code="a">0</subfield>
    <subfield code="b">ibc</subfield>
    <subfield code="c">copycat</subfield>
    <subfield code="d">2</subfield>
    <subfield code="e">ncip</subfield>
    <subfield code="f">20</subfield>
    <subfield code="g">y-soundrec</subfield>
  </datafield>
  <datafield tag="925" ind1="0" ind2=" ">
    <subfield code="a">acquire</subfield>
    <subfield code="b">2 shelf copies</subfield>
    <subfield code="x">policy default</subfield>
  </datafield>
  <datafield tag="955" ind1=" " ind2=" ">
    <subfield code="a">qr36 2020-01-02 z-client</subfield>
    <subfield code="i">qr36 2020-01-02</subfield>
  </datafield>
  <datafield tag="010" ind1=" " ind2=" ">
    <subfield code="a">  2020615208</subfield>
  </datafield>
  <datafield tag="024" ind1="1" ind2=" ">
    <subfield code="a">731452843722</subfield>
  </datafield>
  <datafield tag="028" ind1="0" ind2="2">
    <subfield code="a">314-528 437-2</subfield>
    <subfield code="b">Mercury</subfield>
  </datafield>
  <datafield tag="033" ind1=" " ind2="0">
    <subfield code="b">3964</subfield>
    <subfield code="c">N2</subfield>
  </datafield>
  <datafield tag="035" ind1=" " ind2=" ">
    <subfield code="a">(OCoLC)ocm34522946</subfield>
  </datafield>
  <datafield tag="040" ind1=" " ind2=" ">
    <subfield code="a">IEP</subfield>
    <subfield code="b">eng</subfield>
    <subfield code="e">rda</subfield>
    <subfield code="c">IEP</subfield>
    <subfield code="d">BTCTA</subfield>
    <subfield code="d">VVW</subfield>
    <subfield code="d">WAU</subfield>
    <subfield code="d">OCLCQ</subfield>
    <subfield code="d">OCLCF</subfield>
    <subfield code="d">OCL</subfield>
    <subfield code="d">OCLCQ</subfield>
    <subfield code="d">SHM</subfield>
    <subfield code="d">TJC</subfield>
    <subfield code="d">OCL</subfield>
    <subfield code="d">DLC</subfield>
  </datafield>
  <datafield tag="042" ind1=" " ind2=" ">
    <subfield code="a">lccopycat</subfield>
  </datafield>
  <datafield tag="050" ind1="0" ind2="0">
    <subfield code="a">SDD 32449</subfield>
  </datafield>
  <datafield tag="082" ind1="0" ind2="4">
    <subfield code="a">781.642</subfield>
    <subfield code="b">STEGA</subfield>
  </datafield>
  <datafield tag="245" ind1="0" ind2="0">
    <subfield code="a">Passages /</subfield>
    <subfield code="c">Keith Stegall.</subfield>
  </datafield>
  <datafield tag="264" ind1=" " ind2="1">
    <subfield code="a">New York, NY :</subfield>
    <subfield code="b">Mercury,</subfield>
    <subfield code="c">[1996]</subfield>
  </datafield>
  <datafield tag="264" ind1=" " ind2="4">
    <subfield code="c">℗1996</subfield>
  </datafield>
  <datafield tag="300" ind1=" " ind2=" ">
    <subfield code="a">1 audio disc (43 min.) :</subfield>
    <subfield code="b">digital ;</subfield>
    <subfield code="c">4 3/4 in.</subfield>
  </datafield>
  <datafield tag="336" ind1=" " ind2=" ">
    <subfield code="a">performed music</subfield>
    <subfield code="b">prm</subfield>
    <subfield code="2">rdacontent</subfield>
  </datafield>
  <datafield tag="337" ind1=" " ind2=" ">
    <subfield code="a">audio</subfield>
    <subfield code="b">s</subfield>
    <subfield code="2">rdamedia</subfield>
  </datafield>
  <datafield tag="338" ind1=" " ind2=" ">
    <subfield code="a">audio disc</subfield>
    <subfield code="b">sd</subfield>
    <subfield code="2">rdacarrier</subfield>
  </datafield>
  <datafield tag="344" ind1=" " ind2=" ">
    <subfield code="a">digital</subfield>
    <subfield code="2">rdatr</subfield>
  </datafield>
  <datafield tag="344" ind1=" " ind2=" ">
    <subfield code="b">optical</subfield>
    <subfield code="2">rdarm</subfield>
  </datafield>
  <datafield tag="344" ind1=" " ind2=" ">
    <subfield code="g">stereo</subfield>
    <subfield code="2">rdacpc</subfield>
  </datafield>
  <datafield tag="347" ind1=" " ind2=" ">
    <subfield code="a">audio file</subfield>
    <subfield code="2">rdaft</subfield>
  </datafield>
  <datafield tag="347" ind1=" " ind2=" ">
    <subfield code="b">CD audio</subfield>
  </datafield>
  <datafield tag="500" ind1=" " ind2=" ">
    <subfield code="a">Title from disc label.</subfield>
  </datafield>
  <datafield tag="511" ind1="0" ind2=" ">
    <subfield code="a">Keith Stegall ; with various performers.</subfield>
  </datafield>
  <datafield tag="508" ind1=" " ind2=" ">
    <subfield code="a">Produced by Keith Stegall, John Kelton and Carson Chamberlain.</subfield>
  </datafield>
  <datafield tag="518" ind1=" " ind2=" ">
    <subfield code="o">Recorded at</subfield>
    <subfield code="p">Sound Stage Studio, Nashville, Tennessee</subfield>
    <subfield code="o">and</subfield>
    <subfield code="p">2824 Azalea Place, Berry Hill, Tennessee.</subfield>
  </datafield>
  <datafield tag="500" ind1=" " ind2=" ">
    <subfield code="a">Compact disc.</subfield>
  </datafield>
  <datafield tag="500" ind1=" " ind2=" ">
    <subfield code="a">Lyrics (18 pages : portraits) inserted in container.</subfield>
  </datafield>
  <datafield tag="505" ind1="0" ind2="0">
    <subfield code="t">Roll the dice /</subfield>
    <subfield code="r">Keith Stegall &amp; Carson Chamberlin</subfield>
    <subfield code="g">(3:35) --</subfield>
    <subfield code="t">Baltimore Street /</subfield>
    <subfield code="r">Keith Stegall &amp; Billy Kirsch</subfield>
    <subfield code="g">(4:06) --</subfield>
    <subfield code="t">1969 /</subfield>
    <subfield code="r">Keith Stegall, Gary Harrison &amp; Denny Henson</subfield>
    <subfield code="g">(3:28) --</subfield>
    <subfield code="t">Hard luck cafe /</subfield>
    <subfield code="r">Bill LaBounty &amp; Randy Handley</subfield>
    <subfield code="g">(4:23) --</subfield>
    <subfield code="t">Every time it rains (Lord don&apos;t it pour) /</subfield>
    <subfield code="r">Keith Stegall &amp; Charlie Craig</subfield>
    <subfield code="g">(3:21) --</subfield>
    <subfield code="t">Guilty rose /</subfield>
    <subfield code="r">Wendell Mobley &amp; Kurt Howell</subfield>
    <subfield code="g">(3:22) --</subfield>
    <subfield code="t">Fifty-fifty /</subfield>
    <subfield code="r">Keith Stegall</subfield>
    <subfield code="g">(3:37) --</subfield>
    <subfield code="t">Middle-aged man /</subfield>
    <subfield code="r">Keith Stegall</subfield>
    <subfield code="g">(5:20) --</subfield>
    <subfield code="t">Boo hoo /</subfield>
    <subfield code="r">Keith Stegall &amp; Marvin Morrow</subfield>
    <subfield code="g">(3:43) --</subfield>
    <subfield code="t">My life /</subfield>
    <subfield code="r">Keith Stegall</subfield>
    <subfield code="g">(4:13) --</subfield>
    <subfield code="t">In a perfect world /</subfield>
    <subfield code="r">Keith Stegall &amp; Billy Kirsch</subfield>
    <subfield code="g">(3:53).</subfield>
  </datafield>
  <datafield tag="650" ind1=" " ind2="0">
    <subfield code="a">Country music</subfield>
    <subfield code="y">1991-2000.</subfield>
  </datafield>
  <datafield tag="650" ind1=" " ind2="7">
    <subfield code="a">Country music.</subfield>
    <subfield code="2">fast</subfield>
    <subfield code="0">(OCoLC)fst00881424</subfield>
  </datafield>
  <datafield tag="648" ind1=" " ind2="7">
    <subfield code="a">1991-2000</subfield>
    <subfield code="2">fast</subfield>
  </datafield>
  <datafield tag="655" ind1=" " ind2="7">
    <subfield code="a">Country music.</subfield>
    <subfield code="2">fast</subfield>
    <subfield code="0">(OCoLC)fst01726574</subfield>
  </datafield>
  <datafield tag="655" ind1=" " ind2="7">
    <subfield code="a">Country music.</subfield>
    <subfield code="2">lcgft</subfield>
  </datafield>
  <datafield tag="700" ind1="1" ind2=" ">
    <subfield code="a">Stegall, Keith,</subfield>
    <subfield code="e">composer,</subfield>
    <subfield code="e">performer.</subfield>
  </datafield>
</record>