
<record>
  <leader>03248cam a2200469 i 4500</leader>
  <controlfield tag="001">21349744</controlfield>
  <controlfield tag="005">20200102144639.0</controlfield>
  <controlfield tag="008">200102t20182018ci            000 f hrv c</controlfield>
  <datafield tag="906" ind1=" " ind2=" ">
    <subfield code="a">7</subfield>
    <subfield code="b">cbc</subfield>
    <subfield code="c">pccadap</subfield>
    <subfield code="d">4</subfield>
    <subfield code="e">ncip</subfield>
    <subfield code="f">20</subfield>
    <subfield code="g">y-gencatlg</subfield>
  </datafield>
  <datafield tag="925" ind1="0" ind2=" ">
    <subfield code="a">acquire</subfield>
    <subfield code="b">1 shelf copies</subfield>
    <subfield code="x">policy default</subfield>
  </datafield>
  <datafield tag="955" ind1=" " ind2=" ">
    <subfield code="b">fg23 2020-01-02 z-processor</subfield>
    <subfield code="a">fg00 2020-01-02 to GS/SEE</subfield>
    <subfield code="i">fg23 2020-01-02 to CMD</subfield>
  </datafield>
  <datafield tag="010" ind1=" " ind2=" ">
    <subfield code="a">  2019479063</subfield>
  </datafield>
  <datafield tag="020" ind1=" " ind2=" ">
    <subfield code="a">9789532669596</subfield>
  </datafield>
  <datafield tag="020" ind1=" " ind2=" ">
    <subfield code="a">9532669590</subfield>
  </datafield>
  <datafield tag="035" ind1=" " ind2=" ">
    <subfield code="a">(OCoLC)on1060608762</subfield>
  </datafield>
  <datafield tag="040" ind1=" " ind2=" ">
    <subfield code="a">ZCU</subfield>
    <subfield code="b">eng</subfield>
    <subfield code="c">ZCU</subfield>
    <subfield code="e">rda</subfield>
    <subfield code="d">OCLCO</subfield>
    <subfield code="d">MCCPP</subfield>
    <subfield code="d">OCLCF</subfield>
    <subfield code="d">DLC</subfield>
  </datafield>
  <datafield tag="042" ind1=" " ind2=" ">
    <subfield code="a">pcc</subfield>
  </datafield>
  <datafield tag="050" ind1="0" ind2="0">
    <subfield code="a">PG1420.26.E783</subfield>
    <subfield code="b">P63 2018</subfield>
  </datafield>
  <datafield tag="100" ind1="1" ind2=" ">
    <subfield code="a">Pešut, Dino,</subfield>
    <subfield code="d">1990-</subfield>
    <subfield code="e">author.</subfield>
  </datafield>
  <datafield tag="245" ind1="1" ind2="0">
    <subfield code="a">Poderana koljena /</subfield>
    <subfield code="c">Dino Pešut.</subfield>
  </datafield>
  <datafield tag="264" ind1=" " ind2="1">
    <subfield code="a">Zaprešić :</subfield>
    <subfield code="b">Fraktura,</subfield>
    <subfield code="c">[2018]</subfield>
  </datafield>
  <datafield tag="264" ind1=" " ind2="4">
    <subfield code="c">©2018</subfield>
  </datafield>
  <datafield tag="300" ind1=" " ind2=" ">
    <subfield code="a">219 pages ;</subfield>
    <subfield code="c">21 cm</subfield>
  </datafield>
  <datafield tag="336" ind1=" " ind2=" ">
    <subfield code="a">text</subfield>
    <subfield code="b">txt</subfield>
    <subfield code="2">rdacontent</subfield>
  </datafield>
  <datafield tag="337" ind1=" " ind2=" ">
    <subfield code="a">unmediated</subfield>
    <subfield code="b">n</subfield>
    <subfield code="2">rdamedia</subfield>
  </datafield>
  <datafield tag="338" ind1=" " ind2=" ">
    <subfield code="a">volume</subfield>
    <subfield code="b">nc</subfield>
    <subfield code="2">rdacarrier</subfield>
  </datafield>
  <datafield tag="520" ind1=" " ind2=" ">
    <subfield code="a">&quot;Tko je Dane Draženović? Mladi hrvatski glumac ovjenčan nagradom u Cannesu, autor slikovnica koje se uspješno prodaju na webu, hipster koji je svoje utočište našao u Berlinu, homoseksualac bez stalnoga partnera, dječak iz provincije kojega su vršnjaci maltretirali jer je drugačiji... Dane Draženović sve je to i mnogo više od toga - on je mladić koji odlazi iz Hrvatske da svoju sreću, bez obzira na uspješnu karijeru, pronađe negdje drugdje. On je uspješan, a kronično je bez novca, u potrazi je za idealnom ljubavlju za koju zna da ne postoji, on je heroj koji je spasio dijete usred terorističkog napada i osoba koja ima ozbiljan problem s alkoholom. Dani Draženoviću tek je dvadeset sedam godina i pred njim je cijeli svijet, ali on ne može izaći iz ruševina staroga. Osuđen je na prekarni rad, razumije svijet oko sebe, ali nije siguran razumije li svijet njega. Poderana koljena roman je o današnjem trenutku, o milenijskoj generaciji koja ima sve, a zapravo nema ništa, o svijetu koji se mijenja pred našim očima, a ne možemo ga shvatiti, o odrastanju i ljubavi, o slavi i njezinoj prolaznosti u vremenu društvenih mreža i interneta. Dino Pešut u svome romanesknom prvijencu pokazuje svu raskoš svoga spisateljskog talenta, već dokazanog brojnim nagrađenim dramama, a njegov Dane Draženović, snažan i ranjiv istovremeno, istinski je antijunak našega doba.&quot; --</subfield>
    <subfield code="c">Cover.</subfield>
  </datafield>
  <datafield tag="520" ind1=" " ind2=" ">
    <subfield code="a">&quot;Biographical novel about a 27-year-old Croatian man who moves to Berlin, Germany to find work&quot; --</subfield>
    <subfield code="c">Cataloger&apos;s judgement.</subfield>
  </datafield>
  <datafield tag="546" ind1=" " ind2=" ">
    <subfield code="a">In Croatian.</subfield>
  </datafield>
  <datafield tag="650" ind1=" " ind2="0">
    <subfield code="a">Croats</subfield>
    <subfield code="z">Germany</subfield>
    <subfield code="z">Berlin</subfield>
    <subfield code="v">Fiction.</subfield>
  </datafield>
  <datafield tag="650" ind1=" " ind2="0">
    <subfield code="a">Gay men</subfield>
    <subfield code="z">Germany</subfield>
    <subfield code="z">Berlin</subfield>
    <subfield code="v">Fiction.</subfield>
  </datafield>
  <datafield tag="651" ind1=" " ind2="0">
    <subfield code="a">Europe, Central</subfield>
    <subfield code="x">Social life and customs</subfield>
    <subfield code="v">Fiction.</subfield>
  </datafield>
  <datafield tag="650" ind1=" " ind2="7">
    <subfield code="a">Croats.</subfield>
    <subfield code="2">fast</subfield>
    <subfield code="0">(OCoLC)fst00883833</subfield>
  </datafield>
  <datafield tag="650" ind1=" " ind2="7">
    <subfield code="a">Gay men.</subfield>
    <subfield code="2">fast</subfield>
    <subfield code="0">(OCoLC)fst00939117</subfield>
  </datafield>
  <datafield tag="650" ind1=" " ind2="7">
    <subfield code="a">Manners and customs.</subfield>
    <subfield code="2">fast</subfield>
    <subfield code="0">(OCoLC)fst01007815</subfield>
  </datafield>
  <datafield tag="651" ind1=" " ind2="7">
    <subfield code="a">Central Europe.</subfield>
    <subfield code="2">fast</subfield>
    <subfield code="0">(OCoLC)fst01244544</subfield>
  </datafield>
  <datafield tag="651" ind1=" " ind2="7">
    <subfield code="a">Germany</subfield>
    <subfield code="z">Berlin.</subfield>
    <subfield code="2">fast</subfield>
    <subfield code="0">(OCoLC)fst01204829</subfield>
  </datafield>
  <datafield tag="655" ind1=" " ind2="7">
    <subfield code="a">Bildungsromans.</subfield>
    <subfield code="2">fast</subfield>
    <subfield code="0">(OCoLC)fst01726536</subfield>
  </datafield>
  <datafield tag="655" ind1=" " ind2="7">
    <subfield code="a">Biographical fiction.</subfield>
    <subfield code="2">fast</subfield>
    <subfield code="0">(OCoLC)fst01726537</subfield>
  </datafield>
  <datafield tag="655" ind1=" " ind2="7">
    <subfield code="a">Fiction.</subfield>
    <subfield code="2">fast</subfield>
    <subfield code="0">(OCoLC)fst01423787</subfield>
  </datafield>
  <datafield tag="655" ind1=" " ind2="7">
    <subfield code="a">Bildungsromans.</subfield>
    <subfield code="2">lcgft</subfield>
  </datafield>
  <datafield tag="655" ind1=" " ind2="7">
    <subfield code="a">Biographical fiction.</subfield>
    <subfield code="2">lcgft</subfield>
  </datafield>
</record>