
<record>
  <leader>02678cam a22003138i 4500</leader>
  <controlfield tag="001">21349761</controlfield>
  <controlfield tag="005">20200102145837.0</controlfield>
  <controlfield tag="008">200102s2020    nyu      b    001 0 eng  </controlfield>
  <datafield tag="906" ind1=" " ind2=" ">
    <subfield code="a">0</subfield>
    <subfield code="b">ibc</subfield>
    <subfield code="c">orignew</subfield>
    <subfield code="d">1</subfield>
    <subfield code="e">ecip</subfield>
    <subfield code="f">20</subfield>
    <subfield code="g">y-gencatlg</subfield>
  </datafield>
  <datafield tag="925" ind1="0" ind2=" ">
    <subfield code="a">acquire</subfield>
    <subfield code="b">1 shelf copy</subfield>
    <subfield code="x">policy default</subfield>
  </datafield>
  <datafield tag="955" ind1=" " ind2=" ">
    <subfield code="b">rk11 2020-01-02</subfield>
    <subfield code="c">rk11 2020-01-02 to subj.</subfield>
  </datafield>
  <datafield tag="010" ind1=" " ind2=" ">
    <subfield code="a">  2019059950</subfield>
  </datafield>
  <datafield tag="020" ind1=" " ind2=" ">
    <subfield code="a">9780190064938</subfield>
    <subfield code="q">(hardback)</subfield>
  </datafield>
  <datafield tag="020" ind1=" " ind2=" ">
    <subfield code="z">9780190064952</subfield>
    <subfield code="q">(epub)</subfield>
  </datafield>
  <datafield tag="020" ind1=" " ind2=" ">
    <subfield code="z">9780190064969</subfield>
  </datafield>
  <datafield tag="040" ind1=" " ind2=" ">
    <subfield code="a">DLC</subfield>
    <subfield code="b">eng</subfield>
    <subfield code="e">rda</subfield>
    <subfield code="c">DLC</subfield>
  </datafield>
  <datafield tag="042" ind1=" " ind2=" ">
    <subfield code="a">pcc</subfield>
  </datafield>
  <datafield tag="050" ind1="0" ind2="0">
    <subfield code="a">IN PROCESS</subfield>
  </datafield>
  <datafield tag="100" ind1="1" ind2=" ">
    <subfield code="a">Regnerus, Mark,</subfield>
    <subfield code="e">author.</subfield>
  </datafield>
  <datafield tag="245" ind1="1" ind2="4">
    <subfield code="a">The future of Christian marriage /</subfield>
    <subfield code="c">Mark Regnerus.</subfield>
  </datafield>
  <datafield tag="263" ind1=" " ind2=" ">
    <subfield code="a">2008</subfield>
  </datafield>
  <datafield tag="264" ind1=" " ind2="1">
    <subfield code="a">New York :</subfield>
    <subfield code="b">Oxford University Press,</subfield>
    <subfield code="c">[2020]</subfield>
  </datafield>
  <datafield tag="300" ind1=" " ind2=" ">
    <subfield code="a">pages cm</subfield>
  </datafield>
  <datafield tag="336" ind1=" " ind2=" ">
    <subfield code="a">text</subfield>
    <subfield code="b">txt</subfield>
    <subfield code="2">rdacontent</subfield>
  </datafield>
  <datafield tag="337" ind1=" " ind2=" ">
    <subfield code="a">unmediated</subfield>
    <subfield code="b">n</subfield>
    <subfield code="2">rdamedia</subfield>
  </datafield>
  <datafield tag="338" ind1=" " ind2=" ">
    <subfield code="a">volume</subfield>
    <subfield code="b">nc</subfield>
    <subfield code="2">rdacarrier</subfield>
  </datafield>
  <datafield tag="504" ind1=" " ind2=" ">
    <subfield code="a">Includes bibliographical references and index.</subfield>
  </datafield>
  <datafield tag="520" ind1=" " ind2=" ">
    <subfield code="a">&quot;Marriage has come a long way since biblical times. Women are no longer thought of as property, and practices like polygamy have long been rejected. The world is wealthier, healthier, and more able to find and form relationships than ever. So why are Christian congregations doing more burying than marrying today? Explanations for the wide recession in marriage range from the mathematical-more women in church than men-to the economic, and from cheap sex to progressive politics. But perhaps marriage hasn&apos;t really changed at all. Instead, there is simply less interest in marriage in an era marked by technology, gender equality, and secularization. This is a book about how today&apos;s Christians find a mate within a faith that esteems marriage but a world that increasingly yawns at it. The book draws on in-depth interviews with nearly 200 young-adult Christians from the United States, Mexico, Spain, Poland, Russia, Lebanon, and Nigeria, in order to understand the state of matrimony in global Christian circles today. Marriage for nearly everyone has become less of a foundation for a couple to build upon and more of a capstone. Christians are exhibiting flexibility over sex roles but are hardly gender revolutionaries. Meeting increasingly high expectations of marriage is difficult, though, in a free market whose logic reaches deep into the home today. The result is endemic uncertainty, slowing relationship maturation and stalling marriage. But plenty of Christians innovate, resist, and wed, suggesting the future of marriage will be a religious one&quot;--</subfield>
    <subfield code="c">Provided by publisher.</subfield>
  </datafield>
  <datafield tag="776" ind1="0" ind2="8">
    <subfield code="i">Online version:</subfield>
    <subfield code="a">Regnerus, Mark</subfield>
    <subfield code="t">The future of Christian marriage</subfield>
    <subfield code="d">New York : Oxford University Press, 2020</subfield>
    <subfield code="z">9780190064952</subfield>
    <subfield code="w">(DLC) 2019059951</subfield>
  </datafield>
</record>