
<record>
  <leader>04416cam a22004335i 4500</leader>
  <controlfield tag="001">21349786</controlfield>
  <controlfield tag="005">20200102150738.0</controlfield>
  <controlfield tag="008">200102t20182018fr a     b    001 0 fre d</controlfield>
  <datafield tag="906" ind1=" " ind2=" ">
    <subfield code="a">0</subfield>
    <subfield code="b">ibc</subfield>
    <subfield code="c">copycat</subfield>
    <subfield code="d">3</subfield>
    <subfield code="e">ncip</subfield>
    <subfield code="f">20</subfield>
    <subfield code="g">y-gencatlg</subfield>
  </datafield>
  <datafield tag="925" ind1="0" ind2=" ">
    <subfield code="a">acquire</subfield>
    <subfield code="b">1 shelf copy</subfield>
    <subfield code="x">policy default</subfield>
  </datafield>
  <datafield tag="955" ind1=" " ind2=" ">
    <subfield code="b">BD25 2020-01-02 z-processor</subfield>
  </datafield>
  <datafield tag="010" ind1=" " ind2=" ">
    <subfield code="a">  2018366489</subfield>
  </datafield>
  <datafield tag="020" ind1=" " ind2=" ">
    <subfield code="a">9791034400324</subfield>
    <subfield code="q">(paperback)</subfield>
  </datafield>
  <datafield tag="020" ind1=" " ind2=" ">
    <subfield code="a">9789791034401</subfield>
  </datafield>
  <datafield tag="020" ind1=" " ind2=" ">
    <subfield code="a">9791034400</subfield>
  </datafield>
  <datafield tag="035" ind1=" " ind2=" ">
    <subfield code="a">(OCoLC)on1077736434</subfield>
  </datafield>
  <datafield tag="040" ind1=" " ind2=" ">
    <subfield code="a">AUXAM</subfield>
    <subfield code="b">eng</subfield>
    <subfield code="c">AUXAM</subfield>
    <subfield code="e">rda</subfield>
    <subfield code="d">UIU</subfield>
    <subfield code="d">LTSCA</subfield>
    <subfield code="d">OCLCF</subfield>
    <subfield code="d">ERASP</subfield>
    <subfield code="d">PUL</subfield>
    <subfield code="d">DLC</subfield>
  </datafield>
  <datafield tag="042" ind1=" " ind2=" ">
    <subfield code="a">lccopycat</subfield>
  </datafield>
  <datafield tag="097" ind1="0" ind2="0">
    <subfield code="a">PQ2601.R2</subfield>
    <subfield code="b">Z86 2018</subfield>
  </datafield>
  <datafield tag="245" ind1="0" ind2="3">
    <subfield code="a">Le rayonnement international d&apos;Aragon :</subfield>
    <subfield code="b">un premier état des lieux /</subfield>
    <subfield code="c">sous la direction de Erwan Caulet, Corinne Grenouillet, Patricia Principalli.</subfield>
  </datafield>
  <datafield tag="264" ind1=" " ind2="1">
    <subfield code="a">Strasbourg :</subfield>
    <subfield code="b">Presses universitaires de Strasbourg,</subfield>
    <subfield code="c">[2018]</subfield>
  </datafield>
  <datafield tag="264" ind1=" " ind2="4">
    <subfield code="c">©2018</subfield>
  </datafield>
  <datafield tag="300" ind1=" " ind2=" ">
    <subfield code="a">282 pages :</subfield>
    <subfield code="b">illustrations ;</subfield>
    <subfield code="c">24 cm.</subfield>
  </datafield>
  <datafield tag="336" ind1=" " ind2=" ">
    <subfield code="a">text</subfield>
    <subfield code="b">txt</subfield>
    <subfield code="2">rdacontent</subfield>
  </datafield>
  <datafield tag="337" ind1=" " ind2=" ">
    <subfield code="a">unmediated</subfield>
    <subfield code="b">n</subfield>
    <subfield code="2">rdamedia</subfield>
  </datafield>
  <datafield tag="338" ind1=" " ind2=" ">
    <subfield code="a">volume</subfield>
    <subfield code="b">nc</subfield>
    <subfield code="2">rdacarrier</subfield>
  </datafield>
  <datafield tag="490" ind1="1" ind2=" ">
    <subfield code="a">Les Recherches croisées Aragon/Elsa Triolet ;</subfield>
    <subfield code="v">vol. 16</subfield>
  </datafield>
  <datafield tag="504" ind1=" " ind2=" ">
    <subfield code="a">Includes bibliographical references and index.</subfield>
  </datafield>
  <datafield tag="505" ind1="0" ind2="0">
    <subfield code="t">Introduction /</subfield>
    <subfield code="r">Erwan Caulet, Corinne Grenouillet et Patricia Principalli --</subfield>
    <subfield code="t">Aragon au rendez-vous des étrangers --</subfield>
    <subfield code="g">1.</subfield>
    <subfield code="t">Amérique du Nord --</subfield>
    <subfield code="t">Petit projet d&apos;histoire littéraire américaine : notes sur Aragon et la critique contemporaine aux États-Unis --</subfield>
    <subfield code="t">Aragon au Québec, &quot;persécuteur persécuté&quot; ? --</subfield>
    <subfield code="g">2.</subfield>
    <subfield code="t">Aire hispanophone --</subfield>
    <subfield code="t">Réceptions d&apos;Aragon dans les espaces littéraires hispanophones (1940-1960) : camaraderies et enjeux esthétiques --</subfield>
    <subfield code="t">Aragon en Espagne -- censure sous le second franquisme : le cas des traductions de La Mise à Mort (1965) et Blanche ou l&apos;oubli (1967) --</subfield>
    <subfield code="g">3.</subfield>
    <subfield code="t">Dialogues franco-italiens --</subfield>
    <subfield code="t">La réception d&apos;Aragon dans les revues italiennes, de l&apos;après-guerre aux années 1960 --</subfield>
    <subfield code="t">Aragon et Lampedusa : portrait dans deux miroirs --</subfield>
    <subfield code="g">4.</subfield>
    <subfield code="t">Grèce --</subfield>
    <subfield code="t">Le parcours d&apos;Aragon en Grèce et en grec. Une rencontre à venir ? --</subfield>
    <subfield code="g">5.</subfield>
    <subfield code="t">Proche-Orient --</subfield>
    <subfield code="t">Réception d&apos;Aragon en Égypte : l&apos;exemple de la poésie de la Résistance --</subfield>
    <subfield code="g">6.</subfield>
    <subfield code="t">Union soviétique --</subfield>
    <subfield code="t">Hourra l&apos;Oural d&apos;Aragon : &quot;le pays de la violence et des yeux bleus&quot;, dialogue avec Vladimir Maïakovski, Essénine et Chagall --</subfield>
    <subfield code="t">Aragon et le Congrès de Kharkov : une correspondance Elsa Triolet / Ossip Brik et des documents inédits --</subfield>
    <subfield code="t">Conclusion /</subfield>
    <subfield code="r">Erwan Caulet, Corinne Grenouillet et Patricia Frincipalli --</subfield>
    <subfield code="t">Aragon, une réception tronquée ? --</subfield>
    <subfield code="t">Après-dire : Aragon 1915 --</subfield>
    <subfield code="t">Aragon -- Dessins inédits (1915) --</subfield>
    <subfield code="t">Lettre à un ami --</subfield>
    <subfield code="t">Aragon --</subfield>
    <subfield code="t">Lettre à Pierre Maison --</subfield>
    <subfield code="t">Aragon --</subfield>
    <subfield code="t">Poème --</subfield>
    <subfield code="t">Bibliographie générale --</subfield>
    <subfield code="t">Les auteurs : notices bio-bibliographiques.</subfield>
  </datafield>
  <datafield tag="520" ind1=" " ind2=" ">
    <subfield code="a">&quot;Le travail de passeur qu&apos;Aragon a réalisé pour de nombreux textes étrangers est bien connu, qu&apos;il les ait incorporés dans son écriture même, traduits, préfacés ou promus. À l&apos;inverse, la manière dont ses textes ont à leur tour été reçus à l&apos;étranger demeurait jusqu&apos;à présent incertaine : de l&apos;oeuvre-monde à la mondialisation de l&apos;oeuvre, il y a donc un pas que Le Rayonnement international d&apos;Aragon se propose de franchir. Outre un retour sur le dialogue avec Maiakovski et Chagall dans Hourralt l&apos;Oural, et une étude de la lecture du Guépard par Aragon, ce volume de la collection &quot;Recherches croisées Aragon/ Elsa Triolet&quot; permet de défricher la réception d&apos;Aragon à l&apos;échelle internationale, de l&apos;Europe (Espagne, Grèce, Italie) au Moyen-Orient (Égypte) et aux Amériques (Argentine, États-Unis, Québec). Il présente aussi deux importants inédits : des dessins jusqu&apos;alors inconnus du jeune Aragon et une correspondance entre Elsa Triolet et Ossip Brik au moment du Congrès de Kharkov.&quot;--Page 4 of cover.</subfield>
  </datafield>
  <datafield tag="600" ind1="1" ind2="0">
    <subfield code="a">Aragon,</subfield>
    <subfield code="d">1897-1982</subfield>
    <subfield code="x">Appreciation</subfield>
    <subfield code="z">Foreign countries</subfield>
    <subfield code="x">History.</subfield>
  </datafield>
  <datafield tag="600" ind1="1" ind2="6">
    <subfield code="a">Aragon,</subfield>
    <subfield code="d">1897-1982</subfield>
    <subfield code="x">Appréciation</subfield>
    <subfield code="z">Pays étrangers</subfield>
    <subfield code="x">Histoire.</subfield>
  </datafield>
  <datafield tag="600" ind1="1" ind2="7">
    <subfield code="a">Aragon,</subfield>
    <subfield code="d">1897-1982.</subfield>
    <subfield code="2">fast</subfield>
    <subfield code="0">(OCoLC)fst00056456</subfield>
  </datafield>
  <datafield tag="650" ind1=" " ind2="7">
    <subfield code="a">Art appreciation.</subfield>
    <subfield code="2">fast</subfield>
    <subfield code="0">(OCoLC)fst00815447</subfield>
  </datafield>
  <datafield tag="655" ind1=" " ind2="7">
    <subfield code="a">History.</subfield>
    <subfield code="2">fast</subfield>
    <subfield code="0">(OCoLC)fst01411628</subfield>
  </datafield>
  <datafield tag="700" ind1="1" ind2=" ">
    <subfield code="a">Caulet, Erwan,</subfield>
    <subfield code="e">editor.</subfield>
  </datafield>
  <datafield tag="700" ind1="1" ind2=" ">
    <subfield code="a">Grenouillet, Corinne,</subfield>
    <subfield code="e">editor.</subfield>
  </datafield>
  <datafield tag="700" ind1="1" ind2=" ">
    <subfield code="a">Richard-Principalli, Patricia,</subfield>
    <subfield code="e">editor.</subfield>
  </datafield>
  <datafield tag="830" ind1=" " ind2="0">
    <subfield code="a">Recherches croisées Aragon / Elsa Triolet ;</subfield>
    <subfield code="v">v. 16.</subfield>
  </datafield>
</record>