
<record>
  <leader>03649cam a22004815i 4500</leader>
  <controlfield tag="001">21349801</controlfield>
  <controlfield tag="005">20200102152703.0</controlfield>
  <controlfield tag="008">200102s2017    sz a          000 0 fre d</controlfield>
  <datafield tag="906" ind1=" " ind2=" ">
    <subfield code="a">0</subfield>
    <subfield code="b">ibc</subfield>
    <subfield code="c">copycat</subfield>
    <subfield code="d">3</subfield>
    <subfield code="e">ncip</subfield>
    <subfield code="f">20</subfield>
    <subfield code="g">y-nonroman</subfield>
  </datafield>
  <datafield tag="925" ind1="0" ind2=" ">
    <subfield code="a">acquire</subfield>
    <subfield code="b">1 shelf copy</subfield>
    <subfield code="x">policy default</subfield>
  </datafield>
  <datafield tag="955" ind1=" " ind2=" ">
    <subfield code="b">ff16 2020-01-02 z-processor</subfield>
    <subfield code="a">ff00 2020-01-02 to GS/SBCG</subfield>
    <subfield code="a">ff00 2020-01-02 to GS/SBCG</subfield>
  </datafield>
  <datafield tag="010" ind1=" " ind2=" ">
    <subfield code="a">  2019455216</subfield>
  </datafield>
  <datafield tag="020" ind1=" " ind2=" ">
    <subfield code="a">9783034330220</subfield>
  </datafield>
  <datafield tag="020" ind1=" " ind2=" ">
    <subfield code="a">3034330227</subfield>
  </datafield>
  <datafield tag="020" ind1=" " ind2=" ">
    <subfield code="z">9783034330237</subfield>
  </datafield>
  <datafield tag="020" ind1=" " ind2=" ">
    <subfield code="z">9783034330244</subfield>
  </datafield>
  <datafield tag="020" ind1=" " ind2=" ">
    <subfield code="z">9783034330251</subfield>
  </datafield>
  <datafield tag="035" ind1=" " ind2=" ">
    <subfield code="a">(OCoLC)on1002826767</subfield>
  </datafield>
  <datafield tag="040" ind1=" " ind2=" ">
    <subfield code="a">YDX</subfield>
    <subfield code="b">eng</subfield>
    <subfield code="c">YDX</subfield>
    <subfield code="e">rda</subfield>
    <subfield code="d">AUXAM</subfield>
    <subfield code="d">OHX</subfield>
    <subfield code="d">NDD</subfield>
    <subfield code="d">YOU</subfield>
    <subfield code="d">OCLCF</subfield>
    <subfield code="d">UKMGB</subfield>
    <subfield code="d">DLC</subfield>
  </datafield>
  <datafield tag="042" ind1=" " ind2=" ">
    <subfield code="a">lccopycat</subfield>
  </datafield>
  <datafield tag="082" ind1="0" ind2="4">
    <subfield code="a">305.26</subfield>
    <subfield code="2">23</subfield>
  </datafield>
  <datafield tag="097" ind1="0" ind2="0">
    <subfield code="a">HQ1061</subfield>
    <subfield code="b">.V538 2017</subfield>
  </datafield>
  <datafield tag="245" ind1="0" ind2="0">
    <subfield code="a">Vieillissement et classes sociales /</subfield>
    <subfield code="c">Nathalie Burnay et Cornelia Hummel (ed.)</subfield>
  </datafield>
  <datafield tag="264" ind1=" " ind2="1">
    <subfield code="a">Bern :</subfield>
    <subfield code="b">Peter Lang,</subfield>
    <subfield code="c">[2017].</subfield>
  </datafield>
  <datafield tag="264" ind1=" " ind2="4">
    <subfield code="c">copyright 2017.</subfield>
  </datafield>
  <datafield tag="300" ind1=" " ind2=" ">
    <subfield code="a">249 pages :</subfield>
    <subfield code="b">illustrations (some color) ;</subfield>
    <subfield code="c">23 cm.</subfield>
  </datafield>
  <datafield tag="336" ind1=" " ind2=" ">
    <subfield code="a">text</subfield>
    <subfield code="b">txt</subfield>
    <subfield code="2">rdacontent</subfield>
  </datafield>
  <datafield tag="337" ind1=" " ind2=" ">
    <subfield code="a">unmediated</subfield>
    <subfield code="b">n</subfield>
    <subfield code="2">rdamedia</subfield>
  </datafield>
  <datafield tag="338" ind1=" " ind2=" ">
    <subfield code="a">volume</subfield>
    <subfield code="b">nc</subfield>
    <subfield code="2">rdacarrier</subfield>
  </datafield>
  <datafield tag="490" ind1="1" ind2=" ">
    <subfield code="a">Population, family and society,</subfield>
    <subfield code="x">1660-6043 ;</subfield>
    <subfield code="v">volume 27</subfield>
  </datafield>
  <datafield tag="505" ind1="0" ind2="0">
    <subfield code="g">Pt. 1.</subfield>
    <subfield code="t">Des cadres théoriques --</subfield>
    <subfield code="t">Les classes sociales dans les analyses sociologiques du vieillissement --</subfield>
    <subfield code="t">Au croisement des classes --</subfield>
    <subfield code="t">Le &quot;bien vieillir&quot; à l&apos;épreuve des rapports sociaux de classe, d&apos;âge et de génération --</subfield>
    <subfield code="g">Pt. 2.</subfield>
    <subfield code="t">Des expériences de terrain multiples --</subfield>
    <subfield code="t">La politique de prévention en vue de &quot;bien vieillir&quot; --</subfield>
    <subfield code="t">Générations, genre et classe sociale --</subfield>
    <subfield code="t">Participations sociales au temps de la retraite --</subfield>
    <subfield code="t">Mobilité résidentielle au moment de la retraite --</subfield>
    <subfield code="t">Tous égaux face à la relation d&apos;aide et de soins à domicile ? --</subfield>
    <subfield code="t">Dépendance et visibilité.</subfield>
  </datafield>
  <datafield tag="520" ind1=" " ind2=" ">
    <subfield code="a">&quot;Quelles réalités recouvre l&apos;image, souvent uniformisante, des transformations récentes des conditions de vie des retraités ? Certes, la pauvreté a reculé chez les personnes âgées, leur état de santé s&apos;est amélioré et la retraite ne rime plus avec exclusion sociale. Pourtant, dans les coulisses des tendances générales, d&apos;anciennes vulnérabilités persistent et de nouvelles inégalités émergent. Mêlant contributions théoriques et empiriques, cet ouvrage porte sur un aspect largement occulté en sociologie de la vieillesse, celui des inégalités sociales dans la dernière étape du parcours de vie. Il interroge notamment les nouveaux modèles du &quot;bien vieillir&quot; et du &quot;vieillissement actif&quot; en portant l&apos;attention sur les conditions de réalisation socialement situées de ces modèles. Il propose également un regard réflexif sur les travaux sociologiques dans le domaine du vieillissement en questionnant, du point de vue historique, leur rôle dans le processus d&apos;invisibilisation des effets de classe dans ce champ d&apos;étude et en montrant comment les perspectives issues des études de genre ouvrent la voie à un renouveau des analyses en terme de classes dons le cadre des approches intersectionnelles.&quot;--Page 4 of cover.</subfield>
  </datafield>
  <datafield tag="504" ind1=" " ind2=" ">
    <subfield code="a">Includes bibliographical references.</subfield>
  </datafield>
  <datafield tag="650" ind1=" " ind2="0">
    <subfield code="a">Population aging</subfield>
    <subfield code="x">Social aspects.</subfield>
  </datafield>
  <datafield tag="650" ind1=" " ind2="0">
    <subfield code="a">Older people</subfield>
    <subfield code="x">Social conditions.</subfield>
  </datafield>
  <datafield tag="650" ind1=" " ind2="0">
    <subfield code="a">Aging</subfield>
    <subfield code="x">Social aspects.</subfield>
  </datafield>
  <datafield tag="650" ind1=" " ind2="0">
    <subfield code="a">Social classes.</subfield>
  </datafield>
  <datafield tag="650" ind1=" " ind2="7">
    <subfield code="a">Aging</subfield>
    <subfield code="x">Social aspects.</subfield>
    <subfield code="2">fast</subfield>
    <subfield code="0">(OCoLC)fst00800348</subfield>
  </datafield>
  <datafield tag="650" ind1=" " ind2="7">
    <subfield code="a">Older people</subfield>
    <subfield code="x">Social conditions.</subfield>
    <subfield code="2">fast</subfield>
    <subfield code="0">(OCoLC)fst01199129</subfield>
  </datafield>
  <datafield tag="650" ind1=" " ind2="7">
    <subfield code="a">Social classes.</subfield>
    <subfield code="2">fast</subfield>
    <subfield code="0">(OCoLC)fst01122346</subfield>
  </datafield>
  <datafield tag="700" ind1="1" ind2=" ">
    <subfield code="a">Burnay, Nathalie,</subfield>
    <subfield code="e">editor.</subfield>
  </datafield>
  <datafield tag="700" ind1="1" ind2=" ">
    <subfield code="a">Hummel, Cornelia,</subfield>
    <subfield code="e">editor.</subfield>
  </datafield>
  <datafield tag="830" ind1=" " ind2="0">
    <subfield code="a">Population, family, and society ;</subfield>
    <subfield code="v">v. 27.</subfield>
    <subfield code="x">1660-6043</subfield>
  </datafield>
</record>