
<record>
  <leader>01410cjm a2200397 i 4500</leader>
  <controlfield tag="001">21349805</controlfield>
  <controlfield tag="005">20200102152813.0</controlfield>
  <controlfield tag="007">sd fsngnnmmned</controlfield>
  <controlfield tag="008">200102t19931993ncurcn|           | eng  </controlfield>
  <datafield tag="906" ind1=" " ind2=" ">
    <subfield code="a">7</subfield>
    <subfield code="b">cbc</subfield>
    <subfield code="c">orignew</subfield>
    <subfield code="d">2</subfield>
    <subfield code="e">ncip</subfield>
    <subfield code="f">20</subfield>
    <subfield code="g">y-soundrec</subfield>
  </datafield>
  <datafield tag="925" ind1="0" ind2=" ">
    <subfield code="a">acquire</subfield>
    <subfield code="b">2 shelf copies</subfield>
    <subfield code="x">policy default</subfield>
  </datafield>
  <datafield tag="955" ind1=" " ind2=" ">
    <subfield code="a">qr12 2020-01-02</subfield>
  </datafield>
  <datafield tag="010" ind1=" " ind2=" ">
    <subfield code="a">  2020615815</subfield>
  </datafield>
  <datafield tag="024" ind1="1" ind2=" ">
    <subfield code="a">035498006128</subfield>
  </datafield>
  <datafield tag="028" ind1="0" ind2="2">
    <subfield code="a">MR0061-2</subfield>
    <subfield code="b">Mammoth</subfield>
  </datafield>
  <datafield tag="040" ind1=" " ind2=" ">
    <subfield code="a">DLC</subfield>
    <subfield code="b">eng</subfield>
    <subfield code="e">rda</subfield>
    <subfield code="c">DLC</subfield>
  </datafield>
  <datafield tag="050" ind1="0" ind2="0">
    <subfield code="a">SDD 32403</subfield>
  </datafield>
  <datafield tag="245" ind1="0" ind2="0">
    <subfield code="a">Any other way /</subfield>
    <subfield code="c">Dillon Fence.</subfield>
  </datafield>
  <datafield tag="264" ind1=" " ind2="1">
    <subfield code="a">Carrboro, NC :</subfield>
    <subfield code="b">Mammoth,</subfield>
    <subfield code="c">[1993]</subfield>
  </datafield>
  <datafield tag="264" ind1=" " ind2="4">
    <subfield code="c">℗1993</subfield>
  </datafield>
  <datafield tag="300" ind1=" " ind2=" ">
    <subfield code="a">1 audio disc :</subfield>
    <subfield code="b">digital ;</subfield>
    <subfield code="c">4 3/4 in.</subfield>
  </datafield>
  <datafield tag="336" ind1=" " ind2=" ">
    <subfield code="a">performed music</subfield>
    <subfield code="b">prm</subfield>
    <subfield code="2">rdacontent</subfield>
  </datafield>
  <datafield tag="337" ind1=" " ind2=" ">
    <subfield code="a">audio</subfield>
    <subfield code="b">s</subfield>
    <subfield code="2">rdamedia</subfield>
  </datafield>
  <datafield tag="338" ind1=" " ind2=" ">
    <subfield code="a">audio disc</subfield>
    <subfield code="b">sd</subfield>
    <subfield code="2">rdacarrier</subfield>
  </datafield>
  <datafield tag="344" ind1=" " ind2=" ">
    <subfield code="a">digital</subfield>
    <subfield code="2">rdatr</subfield>
  </datafield>
  <datafield tag="344" ind1=" " ind2=" ">
    <subfield code="b">optical</subfield>
    <subfield code="2">rdarm</subfield>
  </datafield>
  <datafield tag="344" ind1=" " ind2=" ">
    <subfield code="g">stereo</subfield>
    <subfield code="2">rdacpc</subfield>
  </datafield>
  <datafield tag="347" ind1=" " ind2=" ">
    <subfield code="a">audio file</subfield>
    <subfield code="2">rdaft</subfield>
  </datafield>
  <datafield tag="347" ind1=" " ind2=" ">
    <subfield code="b">CD audio</subfield>
  </datafield>
  <datafield tag="500" ind1=" " ind2=" ">
    <subfield code="a">Title from disc label.</subfield>
  </datafield>
  <datafield tag="500" ind1=" " ind2=" ">
    <subfield code="a">&quot;All songs written by Greg Humphreys and arranged by Dillon Fence&quot;--Insert.</subfield>
  </datafield>
  <datafield tag="511" ind1="0" ind2=" ">
    <subfield code="a">Dillon Fence (Chris Goode, bass, vocals ; Scott Carle, drums, vocals ; Kent Alphin, Greg Humphreys, guitar, vocals).</subfield>
  </datafield>
  <datafield tag="505" ind1="0" ind2=" ">
    <subfield code="a">Any other way -- Inward ho (live) -- Coal tattoo -- Circle in the sand.</subfield>
  </datafield>
  <datafield tag="650" ind1=" " ind2="0">
    <subfield code="a">Rock music</subfield>
    <subfield code="y">1991-2000.</subfield>
  </datafield>
  <datafield tag="655" ind1=" " ind2="7">
    <subfield code="a">Rock music.</subfield>
    <subfield code="2">lcgft</subfield>
  </datafield>
  <datafield tag="710" ind1="2" ind2=" ">
    <subfield code="a">Dillon Fence (Musical group),</subfield>
    <subfield code="e">arranger of music,</subfield>
    <subfield code="e">performer.</subfield>
  </datafield>
</record>