
<record>
  <leader>03633cam a22006015i 4500</leader>
  <controlfield tag="001">21349819</controlfield>
  <controlfield tag="005">20200102160725.0</controlfield>
  <controlfield tag="008">200102s2017    bw abch  b    000 0crus c</controlfield>
  <datafield tag="906" ind1=" " ind2=" ">
    <subfield code="a">0</subfield>
    <subfield code="b">ibc</subfield>
    <subfield code="c">pccadap</subfield>
    <subfield code="d">3</subfield>
    <subfield code="e">ncip</subfield>
    <subfield code="f">20</subfield>
    <subfield code="g">y-nonroman</subfield>
  </datafield>
  <datafield tag="925" ind1="0" ind2=" ">
    <subfield code="a">acquire</subfield>
    <subfield code="b">1 shelf copy</subfield>
    <subfield code="x">policy default</subfield>
  </datafield>
  <datafield tag="955" ind1=" " ind2=" ">
    <subfield code="b">fc70 2020-01-02 z-processor JACKPHY</subfield>
    <subfield code="a">fc00 2020-01-02 to GS/ECE</subfield>
  </datafield>
  <datafield tag="010" ind1=" " ind2=" ">
    <subfield code="a">  2019453211</subfield>
  </datafield>
  <datafield tag="020" ind1=" " ind2=" ">
    <subfield code="a">9789857134243</subfield>
  </datafield>
  <datafield tag="020" ind1=" " ind2=" ">
    <subfield code="a">9857134246</subfield>
  </datafield>
  <datafield tag="035" ind1=" " ind2=" ">
    <subfield code="a">(OCoLC)on1019616944</subfield>
  </datafield>
  <datafield tag="040" ind1=" " ind2=" ">
    <subfield code="a">EVIEW</subfield>
    <subfield code="b">eng</subfield>
    <subfield code="c">EVIEW</subfield>
    <subfield code="e">rda</subfield>
    <subfield code="d">HLS</subfield>
    <subfield code="d">IUL</subfield>
    <subfield code="d">OCLCA</subfield>
    <subfield code="d">OCLCF</subfield>
    <subfield code="d">OCLCA</subfield>
    <subfield code="d">OCLCQ</subfield>
    <subfield code="d">OCLCO</subfield>
    <subfield code="d">DLC</subfield>
  </datafield>
  <datafield tag="042" ind1=" " ind2=" ">
    <subfield code="a">pcc</subfield>
  </datafield>
  <datafield tag="043" ind1=" " ind2=" ">
    <subfield code="a">e-bw---</subfield>
  </datafield>
  <datafield tag="097" ind1="0" ind2="0">
    <subfield code="a">DK507.95.G7</subfield>
    <subfield code="b">K55 2017</subfield>
  </datafield>
  <datafield tag="245" ind1="0" ind2="0">
    <subfield code="6">880-01</subfield>
    <subfield code="a">Kniga slavy goroda Grodno :</subfield>
    <subfield code="b">biobibliograficheskiĭ spravochnik /</subfield>
    <subfield code="c">sostavlenie, podbor materiala: I.N. Ili︠u︡shina, D.V. Krachko ; pod obshcheĭ redakt︠s︡ieĭ: N.G. Svirido.</subfield>
  </datafield>
  <datafield tag="880" ind1="0" ind2="0">
    <subfield code="6">245-01</subfield>
    <subfield code="a">Книга славы города Гродно :</subfield>
    <subfield code="b">биобиблиографический справочник /</subfield>
    <subfield code="c">составление, подбор материала: И.Н. Илюшина, Д.В. Крачко ; под общей редакцией: Н.Г. Свиридо.</subfield>
  </datafield>
  <datafield tag="264" ind1=" " ind2="1">
    <subfield code="6">880-02</subfield>
    <subfield code="a">Grodno :</subfield>
    <subfield code="b">&quot;I︠U︡rSaPrint&quot;,</subfield>
    <subfield code="c">2017.</subfield>
  </datafield>
  <datafield tag="880" ind1=" " ind2="1">
    <subfield code="6">264-02</subfield>
    <subfield code="a">Гродно :</subfield>
    <subfield code="b">&quot;ЮрСаПринт&quot;,</subfield>
    <subfield code="c">2017.</subfield>
  </datafield>
  <datafield tag="300" ind1=" " ind2=" ">
    <subfield code="a">202 pages :</subfield>
    <subfield code="b">illustrations (some color), maps, portraits, facsimiles ;</subfield>
    <subfield code="c">30 cm</subfield>
  </datafield>
  <datafield tag="336" ind1=" " ind2=" ">
    <subfield code="a">text</subfield>
    <subfield code="b">txt</subfield>
    <subfield code="2">rdacontent</subfield>
  </datafield>
  <datafield tag="337" ind1=" " ind2=" ">
    <subfield code="a">unmediated</subfield>
    <subfield code="b">n</subfield>
    <subfield code="2">rdamedia</subfield>
  </datafield>
  <datafield tag="338" ind1=" " ind2=" ">
    <subfield code="a">volume</subfield>
    <subfield code="b">nc</subfield>
    <subfield code="2">rdacarrier</subfield>
  </datafield>
  <datafield tag="500" ind1=" " ind2=" ">
    <subfield code="6">880-03</subfield>
    <subfield code="a">At head of title: Gosudarstvennoe uchrezhdenie kulʹtury &quot;T︠S︡entralizovannai︠a︡ bibliotechnai︠a︡ sistema g. Grodno&quot;. Grodnenskai︠a︡ gorodskai︠a︡ t︠s︡entralʹnai︠a︡ biblioteka im. A. Makaënka.</subfield>
  </datafield>
  <datafield tag="880" ind1=" " ind2=" ">
    <subfield code="6">500-03</subfield>
    <subfield code="a">At head of title: Государственное учреждение культуры &quot;Централизованная библиотечная система г. Гродно&quot;. Гродненская городская центральная библиотека им. А. Макаёнка.</subfield>
  </datafield>
  <datafield tag="500" ind1=" " ind2=" ">
    <subfield code="6">880-04</subfield>
    <subfield code="a">&quot;Spravochnoe izdanie&quot;--Colophon.</subfield>
  </datafield>
  <datafield tag="880" ind1=" " ind2=" ">
    <subfield code="6">500-04</subfield>
    <subfield code="a">&quot;Справочное издание&quot;--Colophon.</subfield>
  </datafield>
  <datafield tag="504" ind1=" " ind2=" ">
    <subfield code="a">Includes bibliographical references.</subfield>
  </datafield>
  <datafield tag="651" ind1=" " ind2="0">
    <subfield code="a">Hrodna (Belarus)</subfield>
    <subfield code="v">Bio-bibliography.</subfield>
  </datafield>
  <datafield tag="650" ind1="0" ind2="4">
    <subfield code="a">Belarus. Byelorussian S.S.R. White Russia.</subfield>
  </datafield>
  <datafield tag="650" ind1="0" ind2="4">
    <subfield code="a">Bibliography.</subfield>
  </datafield>
  <datafield tag="650" ind1="0" ind2="4">
    <subfield code="a">Biography.</subfield>
  </datafield>
  <datafield tag="650" ind1="0" ind2="4">
    <subfield code="a">Former Soviet Republics. Union of Soviet Socialist Republics (U.S.S.R.). Russia (Empire)</subfield>
  </datafield>
  <datafield tag="650" ind1="0" ind2="4">
    <subfield code="a">History of Eastern Europe (General)</subfield>
  </datafield>
  <datafield tag="650" ind1="0" ind2="4">
    <subfield code="a">Social sciences (General)</subfield>
  </datafield>
  <datafield tag="650" ind1="0" ind2="4">
    <subfield code="a">Soviet regime, 1918-1991.</subfield>
  </datafield>
  <datafield tag="651" ind1=" " ind2="7">
    <subfield code="a">Belarus</subfield>
    <subfield code="z">Hrodna.</subfield>
    <subfield code="2">fast</subfield>
    <subfield code="0">(OCoLC)fst01213553</subfield>
  </datafield>
  <datafield tag="655" ind1=" " ind2="7">
    <subfield code="a">Bio-bibliography.</subfield>
    <subfield code="2">fast</subfield>
    <subfield code="0">(OCoLC)fst01423685</subfield>
  </datafield>
  <datafield tag="655" ind1=" " ind2="7">
    <subfield code="a">Biographies.</subfield>
    <subfield code="2">fast</subfield>
    <subfield code="0">(OCoLC)fst01919896</subfield>
  </datafield>
  <datafield tag="655" ind1=" " ind2="7">
    <subfield code="a">Biographies.</subfield>
    <subfield code="2">lcgft</subfield>
  </datafield>
  <datafield tag="700" ind1="1" ind2=" ">
    <subfield code="6">880-05</subfield>
    <subfield code="a">Ili︠u︡shina, I. N.</subfield>
    <subfield code="q">(Inessa Nikolaevna),</subfield>
    <subfield code="e">compiler.</subfield>
  </datafield>
  <datafield tag="880" ind1="1" ind2=" ">
    <subfield code="6">700-05</subfield>
    <subfield code="a">Илюшина, И. Н.</subfield>
    <subfield code="q">(Инесса Николаевна),</subfield>
    <subfield code="e">compiler.</subfield>
  </datafield>
  <datafield tag="700" ind1="1" ind2=" ">
    <subfield code="6">880-06</subfield>
    <subfield code="a">Krachko, D. V.</subfield>
    <subfield code="q">(Dina Vladimirovna),</subfield>
    <subfield code="e">compiler.</subfield>
  </datafield>
  <datafield tag="880" ind1="1" ind2=" ">
    <subfield code="6">700-06</subfield>
    <subfield code="a">Крачко, Д. В.</subfield>
    <subfield code="q">(Дина Владимировна),</subfield>
    <subfield code="e">compiler.</subfield>
  </datafield>
  <datafield tag="700" ind1="1" ind2=" ">
    <subfield code="6">880-07</subfield>
    <subfield code="a">Sviryda, Natalli︠a︡ Ryhoraŭna,</subfield>
    <subfield code="e">editor.</subfield>
  </datafield>
  <datafield tag="880" ind1="1" ind2=" ">
    <subfield code="6">700-07</subfield>
    <subfield code="a">Свірыда, Наталля Рыгораўна,</subfield>
    <subfield code="e">editor.</subfield>
  </datafield>
  <datafield tag="710" ind1="2" ind2=" ">
    <subfield code="a">TSėntralizavanai︠a︡ biblii︠a︡tėchnai︠a︡ sistėma h. Hrodna,</subfield>
    <subfield code="e">issuing body.</subfield>
  </datafield>
  <datafield tag="710" ind1="2" ind2=" ">
    <subfield code="a">Hrodzenskai︠a︡ haradskai︠a︡ tsėntralʹnai︠a︡ biblii︠a︡tėka imi︠a︡ A. Makai︠o︡nka,</subfield>
    <subfield code="e">issuing body.</subfield>
  </datafield>
  <datafield tag="923" ind1=" " ind2=" ">
    <subfield code="a">Exchange</subfield>
    <subfield code="s">National Library of Belarus</subfield>
  </datafield>
</record>