
<record>
  <leader>04653cjm a2200709 i 4500</leader>
  <controlfield tag="001">21349820</controlfield>
  <controlfield tag="005">20200102162018.0</controlfield>
  <controlfield tag="007">sd fsngnnmmneu</controlfield>
  <controlfield tag="008">190123p20172016ir fmnn  iz       n zxx d</controlfield>
  <datafield tag="906" ind1=" " ind2=" ">
    <subfield code="a">7</subfield>
    <subfield code="b">cbc</subfield>
    <subfield code="c">copycat</subfield>
    <subfield code="d">2</subfield>
    <subfield code="e">ncip</subfield>
    <subfield code="f">20</subfield>
    <subfield code="g">y-soundrec</subfield>
  </datafield>
  <datafield tag="925" ind1="0" ind2=" ">
    <subfield code="a">acquire</subfield>
    <subfield code="b">2 shelf copies</subfield>
    <subfield code="x">policy default</subfield>
  </datafield>
  <datafield tag="955" ind1=" " ind2=" ">
    <subfield code="a">qr39 2020-01-01</subfield>
    <subfield code="i">qr39 2020-01-01</subfield>
  </datafield>
  <datafield tag="035" ind1=" " ind2=" ">
    <subfield code="a">(OCoLC)on1083219937</subfield>
  </datafield>
  <datafield tag="040" ind1=" " ind2=" ">
    <subfield code="a">FMZ</subfield>
    <subfield code="b">eng</subfield>
    <subfield code="e">rda</subfield>
    <subfield code="c">FMZ</subfield>
    <subfield code="d">NOC</subfield>
    <subfield code="d">OCLCA</subfield>
    <subfield code="d">ZCU</subfield>
    <subfield code="d">COD</subfield>
    <subfield code="d">WLU</subfield>
    <subfield code="d">OCLCF</subfield>
    <subfield code="d">OCLCA</subfield>
    <subfield code="d">OCL</subfield>
    <subfield code="d">OCLCO</subfield>
    <subfield code="d">OCLCA</subfield>
    <subfield code="d">DLC</subfield>
  </datafield>
  <datafield tag="066" ind1=" " ind2=" ">
    <subfield code="c">(3</subfield>
    <subfield code="c">(4</subfield>
  </datafield>
  <datafield tag="010" ind1=" " ind2=" ">
    <subfield code="a">  2020615050</subfield>
  </datafield>
  <datafield tag="024" ind1="3" ind2=" ">
    <subfield code="a">6260608005942</subfield>
  </datafield>
  <datafield tag="028" ind1="0" ind2="2">
    <subfield code="a">M.CD-491</subfield>
    <subfield code="b">Mahoor Institute of Culture and Arts</subfield>
  </datafield>
  <datafield tag="028" ind1="0" ind2="0">
    <subfield code="a">491</subfield>
    <subfield code="b">Mahoor Institute of Culture and Arts</subfield>
  </datafield>
  <datafield tag="028" ind1="0" ind2="0">
    <subfield code="a">CD-491</subfield>
    <subfield code="b">Mahoor Institute of Culture and Arts</subfield>
  </datafield>
  <datafield tag="035" ind1=" " ind2=" ">
    <subfield code="a">(OCoLC)1083219937</subfield>
  </datafield>
  <datafield tag="041" ind1="0" ind2=" ">
    <subfield code="g">per</subfield>
  </datafield>
  <datafield tag="043" ind1=" " ind2=" ">
    <subfield code="a">a-ir---</subfield>
  </datafield>
  <datafield tag="050" ind1="0" ind2="0">
    <subfield code="a">SDD 32433</subfield>
  </datafield>
  <datafield tag="245" ind1="0" ind2="0">
    <subfield code="6">880-01</subfield>
    <subfield code="a">Mūsīqī-i Balūchistān (Makkurān) =</subfield>
    <subfield code="b">Music of Baluchistan (Makkoran).</subfield>
  </datafield>
  <datafield tag="246" ind1="3" ind2="1">
    <subfield code="a">Music of Baluchistan (Makkoran)</subfield>
  </datafield>
  <datafield tag="264" ind1=" " ind2="1">
    <subfield code="6">880-02</subfield>
    <subfield code="a">[Tehran] :</subfield>
    <subfield code="b">Muʼassasah-yi Farhangī-Hunarī-i Māhūr = Mahoor Institute of Culture and Arts,</subfield>
    <subfield code="c">[2017]</subfield>
  </datafield>
  <datafield tag="264" ind1=" " ind2="4">
    <subfield code="c">©2017</subfield>
  </datafield>
  <datafield tag="300" ind1=" " ind2=" ">
    <subfield code="a">2 audio discs (1 hr., 50 min., 6 sec.) :</subfield>
    <subfield code="b">digital, stereo ;</subfield>
    <subfield code="c">4 3/4 in.</subfield>
  </datafield>
  <datafield tag="306" ind1=" " ind2=" ">
    <subfield code="a">004730</subfield>
    <subfield code="a">010236</subfield>
  </datafield>
  <datafield tag="336" ind1=" " ind2=" ">
    <subfield code="a">performed music</subfield>
    <subfield code="b">prm</subfield>
    <subfield code="2">rdacontent</subfield>
  </datafield>
  <datafield tag="337" ind1=" " ind2=" ">
    <subfield code="a">audio</subfield>
    <subfield code="b">s</subfield>
    <subfield code="2">rdamedia</subfield>
  </datafield>
  <datafield tag="338" ind1=" " ind2=" ">
    <subfield code="a">audio disc</subfield>
    <subfield code="b">sd</subfield>
    <subfield code="2">rdacarrier</subfield>
  </datafield>
  <datafield tag="344" ind1=" " ind2=" ">
    <subfield code="a">digital</subfield>
    <subfield code="2">rdatr</subfield>
  </datafield>
  <datafield tag="344" ind1=" " ind2=" ">
    <subfield code="b">optical</subfield>
    <subfield code="2">rdarm</subfield>
  </datafield>
  <datafield tag="344" ind1=" " ind2=" ">
    <subfield code="g">stereo</subfield>
    <subfield code="2">rdacpc</subfield>
  </datafield>
  <datafield tag="347" ind1=" " ind2=" ">
    <subfield code="a">audio file</subfield>
    <subfield code="2">rdaft</subfield>
  </datafield>
  <datafield tag="347" ind1=" " ind2=" ">
    <subfield code="b">CD audio</subfield>
  </datafield>
  <datafield tag="382" ind1="0" ind2="1">
    <subfield code="3">CD 1</subfield>
    <subfield code="a">sārindā</subfield>
    <subfield code="n">1</subfield>
    <subfield code="s">1</subfield>
    <subfield code="2">lcmpt</subfield>
  </datafield>
  <datafield tag="382" ind1="0" ind2="1">
    <subfield code="3">CD 2</subfield>
    <subfield code="a">sārindā</subfield>
    <subfield code="n">1</subfield>
    <subfield code="a">plucked lute</subfield>
    <subfield code="n">2</subfield>
    <subfield code="s">3</subfield>
    <subfield code="2">lcmpt</subfield>
  </datafield>
  <datafield tag="490" ind1="1" ind2=" ">
    <subfield code="6">880-03</subfield>
    <subfield code="a">Mūsīqī-i navāḥī-i Īrān =</subfield>
    <subfield code="a">Regional music of Iran ;</subfield>
    <subfield code="v">67</subfield>
  </datafield>
  <datafield tag="500" ind1=" " ind2=" ">
    <subfield code="a">Title from disc label; titles also in Persian.</subfield>
  </datafield>
  <datafield tag="511" ind1="0" ind2=" ">
    <subfield code="a">Ali-Mohammad Baluch, sorud (qeychak) ; Golmohammad Baluch Qasr-e Qandi, Rahmdel Parvande, tamburak (CD 2).</subfield>
  </datafield>
  <datafield tag="518" ind1=" " ind2=" ">
    <subfield code="o">Recorded</subfield>
    <subfield code="d">2016</subfield>
    <subfield code="p">Studio Pars.</subfield>
  </datafield>
  <datafield tag="500" ind1=" " ind2=" ">
    <subfield code="a">Research, compilation and accompanying notes in Persian by Mohammad-Rezâ Darvishi (28 pages : portrait) inserted in container.</subfield>
  </datafield>
  <datafield tag="505" ind1="0" ind2=" ">
    <subfield code="a">CD 1, Epic Kordis &amp; Zahiruks: Kordi-ye Nimderang (half Kordi=Zahiruk-e Sardak) (3:45) -- Zahiruk-e Sardak (0:49) -- Complete Kordi (complete Zahiruk-e Kordi), Rinzuk style (2:51) -- Complete Kordi, Feyz-Mohammad Degârzehi-ye Qasr-e Qandi style (3:20) -- Kordi-ye Gurbâm (Zahiruk-e Gurbâm) (3:12) -- Zahiruk-e Rend (3:01) -- Zahiruk-e Bâhu (Dashtyâri), Abâbakr Hut style (2:49) -- Zahiruk-e Sim (Zahiruk-e Kukkâr) (2:46) -- Zahiruk-e Mesâl (Zahiruk-e Jadgâli) (1:51) -- Zahiruk-e Jat (1:59) -- First Zahiruk-e Sirbâm-e Ashraf Dorrâ (3:16) -- Second Zahiruk-e Gurbâm-e Ashraf Dorrâ (2:09) -- Zahiruk-e Bi yâk (Zahiruk-e Kukkâr) (3:04) -- Zahiruk-e Miyâne (Zahiruk-e Bashâgerdi) (2:12) -- Zahiruk-e Qebleyi (Zahiruk-e Komâch) (1:11) -- Zahiruk-e Zerkaniki (1:19) -- Zahiruk-e Mid (2:15) -- Zahiruk-e Zâmerâni (1:54) -- Makkorân Liku (1:47) -- Mutk (2:01) --</subfield>
  </datafield>
  <datafield tag="505" ind1="8" ind2=" ">
    <subfield code="a">CD 2, The final Maqâms of Guati ritual &amp; three epic narratives: The Mâm (Maqâm-e Khers) : with a prelude on the liku and a conclusion on the simorgh (6:36) -- The Bag (Maqâm-e Galle-ye Shotor) : with a prelude on the zahiruk (4:18) -- The Simorgh (Maqâm-e Simorgh) (5:12) -- The Mâr (Maqâm-e Mâr) (8:16) -- Guati Maqâms (Zekrs) : Mast-e Qalandar, Allâh allâh allâh hu/ Mâ râ madad deh yâ rasul &amp; Sa̲z-e Simorgh (6:16) -- Hâni &amp; Sheykh Morid (7:26) -- Hamall-e Jihand (9:12) -- Biâ mani jangâni naqib-e suhin (12:59) -- Mutk (2:09).</subfield>
  </datafield>
  <datafield tag="650" ind1=" " ind2="0">
    <subfield code="a">Folk music</subfield>
    <subfield code="z">Iran</subfield>
    <subfield code="z">Makran Coast.</subfield>
  </datafield>
  <datafield tag="650" ind1=" " ind2="0">
    <subfield code="a">Folk music</subfield>
    <subfield code="z">Balochistan Region.</subfield>
  </datafield>
  <datafield tag="650" ind1=" " ind2="0">
    <subfield code="a">Sārindā music</subfield>
    <subfield code="z">Iran</subfield>
    <subfield code="z">Makran Coast.</subfield>
  </datafield>
  <datafield tag="650" ind1=" " ind2="0">
    <subfield code="a">Sārindā music</subfield>
    <subfield code="z">Balochistan Region.</subfield>
  </datafield>
  <datafield tag="655" ind1=" " ind2="7">
    <subfield code="a">Folk music.</subfield>
    <subfield code="2">lcgft</subfield>
  </datafield>
  <datafield tag="700" ind1="1" ind2=" ">
    <subfield code="a">Baluch, Ali-Mohammad,</subfield>
    <subfield code="e">instrumentalist.</subfield>
  </datafield>
  <datafield tag="700" ind1="1" ind2=" ">
    <subfield code="a">Baluch Qasr-e Qandi, Golmohammad,</subfield>
    <subfield code="e">instrumentalist.</subfield>
  </datafield>
  <datafield tag="700" ind1="1" ind2=" ">
    <subfield code="a">Parvande, Rahmdel,</subfield>
    <subfield code="e">instrumentalist.</subfield>
  </datafield>
  <datafield tag="700" ind1="1" ind2=" ">
    <subfield code="a">Darvīshī, Muḥammad Riz̤ā,</subfield>
    <subfield code="d">1955 or 1956-</subfield>
    <subfield code="e">editor,</subfield>
    <subfield code="e">writer of supplementary textual content.</subfield>
  </datafield>
  <datafield tag="710" ind1="2" ind2=" ">
    <subfield code="6">880-04</subfield>
    <subfield code="a">Muʼassasah-i Farhangī-i Hunarī-i Māhūr.</subfield>
  </datafield>
  <datafield tag="830" ind1=" " ind2="0">
    <subfield code="a">Mūsīqī-i navāḥī-i Īrān ;</subfield>
    <subfield code="v">67.</subfield>
  </datafield>
  <datafield tag="880" ind1="0" ind2="0">
    <subfield code="6">245-01/(3/r</subfield>
    <subfield code="a">موسيقى بلوچستان (مكران) =</subfield>
    <subfield code="b">Music of Baluchistan (makkoran).</subfield>
  </datafield>
  <datafield tag="880" ind1=" " ind2="1">
    <subfield code="6">264-02/(3/r</subfield>
    <subfield code="a">[Tehran] :</subfield>
    <subfield code="b">مؤسسه‌ى فرهنگى-هنرى ماهور،</subfield>
    <subfield code="c">[2017]</subfield>
  </datafield>
  <datafield tag="880" ind1="1" ind2=" ">
    <subfield code="6">490-03/(3/r</subfield>
    <subfield code="a">موسيقى نواحى ايران =</subfield>
    <subfield code="a">Regional music of Iran ;</subfield>
    <subfield code="v">67</subfield>
  </datafield>
  <datafield tag="880" ind1="2" ind2=" ">
    <subfield code="6">710-04/(3/r</subfield>
    <subfield code="a">مؤسسه فرهنگى هنرى ماهور.</subfield>
  </datafield>
</record>