
<record>
  <leader>03069nam a22003858i 4500</leader>
  <controlfield tag="001">21349853</controlfield>
  <controlfield tag="005">20200102155607.0</controlfield>
  <controlfield tag="008">191231s2020    pau      b    001 0 eng  </controlfield>
  <datafield tag="906" ind1=" " ind2=" ">
    <subfield code="a">0</subfield>
    <subfield code="b">ibc</subfield>
    <subfield code="c">orignew</subfield>
    <subfield code="d">1</subfield>
    <subfield code="e">ecip</subfield>
    <subfield code="f">20</subfield>
    <subfield code="g">y-gencatlg</subfield>
  </datafield>
  <datafield tag="925" ind1="0" ind2=" ">
    <subfield code="a">acquire</subfield>
    <subfield code="b">1 shelf copy</subfield>
    <subfield code="x">policy default</subfield>
  </datafield>
  <datafield tag="955" ind1=" " ind2=" ">
    <subfield code="b">DNLM 2019-12-31</subfield>
  </datafield>
  <datafield tag="010" ind1=" " ind2=" ">
    <subfield code="a">  2019060010</subfield>
  </datafield>
  <datafield tag="020" ind1=" " ind2=" ">
    <subfield code="a">9781799842132</subfield>
    <subfield code="q">(hardcover)</subfield>
  </datafield>
  <datafield tag="020" ind1=" " ind2=" ">
    <subfield code="z">9781799842149</subfield>
    <subfield code="q">(ebook)</subfield>
  </datafield>
  <datafield tag="040" ind1=" " ind2=" ">
    <subfield code="a">DNLM/DLC</subfield>
    <subfield code="b">eng</subfield>
    <subfield code="e">rda</subfield>
    <subfield code="c">DLC</subfield>
  </datafield>
  <datafield tag="042" ind1=" " ind2=" ">
    <subfield code="a">pcc</subfield>
  </datafield>
  <datafield tag="060" ind1="1" ind2="0">
    <subfield code="a">WP 145</subfield>
  </datafield>
  <datafield tag="245" ind1="0" ind2="0">
    <subfield code="a">Oncological and endoscopical dilemmas in modern gynecological clinical practice /</subfield>
    <subfield code="c">Konstantinos Dinas, Stamatios Petousis, Matthias Kalder, and George Mavromatidis, editors.</subfield>
  </datafield>
  <datafield tag="263" ind1=" " ind2=" ">
    <subfield code="a">2004</subfield>
  </datafield>
  <datafield tag="264" ind1=" " ind2="1">
    <subfield code="a">Hershey, PA :</subfield>
    <subfield code="b">Medical Information Science Reference,</subfield>
    <subfield code="c">[2020]</subfield>
  </datafield>
  <datafield tag="300" ind1=" " ind2=" ">
    <subfield code="a">pages cm</subfield>
  </datafield>
  <datafield tag="336" ind1=" " ind2=" ">
    <subfield code="a">text</subfield>
    <subfield code="b">txt</subfield>
    <subfield code="2">rdacontent</subfield>
  </datafield>
  <datafield tag="337" ind1=" " ind2=" ">
    <subfield code="a">unmediated</subfield>
    <subfield code="b">n</subfield>
    <subfield code="2">rdamedia</subfield>
  </datafield>
  <datafield tag="338" ind1=" " ind2=" ">
    <subfield code="a">volume</subfield>
    <subfield code="b">nc</subfield>
    <subfield code="2">rdacarrier</subfield>
  </datafield>
  <datafield tag="504" ind1=" " ind2=" ">
    <subfield code="a">Includes bibliographical references and index.</subfield>
  </datafield>
  <datafield tag="505" ind1="0" ind2=" ">
    <subfield code="a">Conservative Treatment of Early-Stage Cervical Cancer / Maria Luisa Fais, Giorgio Candotti, Valerio Mais, Michele Peiretti -- BIRADS Made Easy / Konstantinos Dinas, Georgios Pratilas -- Ovarian Cancer as Random Finding in Laparoscopy : Optimal Management and Medicolegal Issues / Kimon Chatzistamatiou, Leonidas Zepiridis, Grigorios Grimbizis -- Short and long-term follow-up of women after treatment for primary gynecological cancer and breast cancer / Christos Vosnakis, Apostolos Athanasiadis -- Epidemiology of gynecological and breast cancers / Matthias Kalder -- Cystic masses during pregnancy, differential diagnosis and management / Christos Chatzakis, Alexandros Sotiriadis -- Mental health in women with gynecological and breast cancers / Matthias Kalder, Karel Kostev -- 13a. Co-Testing: Pap-test + mRNA HPV-test for Cervical Cancer Screening / Maria Halatsi, Konstantinos Dinas -- Diagnostic Approach of Breast Lesions During Pregnancy and Lactation / Konstantinos Dinas, Georgios Pratilas -- High-risk patients for gynaecological cancer: what is the optimal clinical approach? / Evangelia Mareti.</subfield>
  </datafield>
  <datafield tag="520" ind1=" " ind2=" ">
    <subfield code="a">&quot;This book provides research on the application of clinical practices in regards to the health of women and prevention of severe, life-threatening diseases. While highlighting topics such as mental health, women&apos;s health, and preventative care, this publication provides an insight into critical dilemmas and issues in modern gynecologic oncology and endoscopy as well as the methods of daily clinical practice&quot;--</subfield>
    <subfield code="c">Provided by publisher.</subfield>
  </datafield>
  <datafield tag="650" ind1="1" ind2="2">
    <subfield code="a">Genital Neoplasms, Female</subfield>
  </datafield>
  <datafield tag="650" ind1="2" ind2="2">
    <subfield code="a">Breast Neoplasms</subfield>
  </datafield>
  <datafield tag="700" ind1="1" ind2=" ">
    <subfield code="a">Dinas, Konstantinos,</subfield>
    <subfield code="d">1967-</subfield>
    <subfield code="e">editor.</subfield>
  </datafield>
  <datafield tag="700" ind1="1" ind2=" ">
    <subfield code="a">Petousis, Stamatios,</subfield>
    <subfield code="d">1985-</subfield>
    <subfield code="e">editor.</subfield>
  </datafield>
  <datafield tag="700" ind1="1" ind2=" ">
    <subfield code="a">Kalder, Matthias,</subfield>
    <subfield code="d">1965-</subfield>
    <subfield code="e">editor.</subfield>
  </datafield>
  <datafield tag="700" ind1="1" ind2=" ">
    <subfield code="a">Mavromatidis, George,</subfield>
    <subfield code="d">1960-</subfield>
    <subfield code="e">editor.</subfield>
  </datafield>
  <datafield tag="776" ind1="0" ind2="8">
    <subfield code="i">Online version:</subfield>
    <subfield code="t">Oncological and endoscopical dilemmas in modern gynecological clinical practice</subfield>
    <subfield code="d">Hershey, PA : Medical Information Science Reference, [2020].</subfield>
    <subfield code="z">9781799842149</subfield>
    <subfield code="w">(DLC) 2019060011</subfield>
  </datafield>
  <datafield tag="985" ind1=" " ind2=" ">
    <subfield code="a">DNLMCIP</subfield>
    <subfield code="d">2019-12-31</subfield>
  </datafield>
</record>