
<record>
  <leader>01244cgm a22003133a 4500</leader>
  <controlfield tag="001">21349856</controlfield>
  <controlfield tag="005">20200102155933.0</controlfield>
  <controlfield tag="007">vffczaho|</controlfield>
  <controlfield tag="008">200102s2017    xxu045            mleng  </controlfield>
  <datafield tag="906" ind1=" " ind2=" ">
    <subfield code="a">0</subfield>
    <subfield code="b">cbc</subfield>
    <subfield code="c">orignew</subfield>
    <subfield code="d">u</subfield>
    <subfield code="e">ncip</subfield>
    <subfield code="f">20</subfield>
    <subfield code="g">y-movingim</subfield>
  </datafield>
  <datafield tag="955" ind1=" " ind2=" ">
    <subfield code="b">qm26 2020-01-02</subfield>
  </datafield>
  <datafield tag="010" ind1=" " ind2=" ">
    <subfield code="a">  2020600957</subfield>
  </datafield>
  <datafield tag="017" ind1=" " ind2=" ">
    <subfield code="a">PA0002046655</subfield>
    <subfield code="b">U.S. Copyright Office</subfield>
  </datafield>
  <datafield tag="033" ind1="0" ind2="1">
    <subfield code="a">20170521</subfield>
  </datafield>
  <datafield tag="040" ind1=" " ind2=" ">
    <subfield code="a">DLC</subfield>
    <subfield code="c">DLC</subfield>
    <subfield code="e">amim</subfield>
  </datafield>
  <datafield tag="050" ind1="0" ind2="0">
    <subfield code="a">VBY 7890 (viewing copy)</subfield>
  </datafield>
  <datafield tag="245" ind1="0" ind2="0">
    <subfield code="a">12 monkeys.</subfield>
    <subfield code="p">Witness /</subfield>
    <subfield code="c">developers, Terry Matalas and Travis Fickett ; director, Grant Harvey ; writer, Terry Matalas.</subfield>
  </datafield>
  <datafield tag="246" ind1="3" ind2="0">
    <subfield code="a">Witness</subfield>
  </datafield>
  <datafield tag="246" ind1="3" ind2=" ">
    <subfield code="a">Twelve monkeys.</subfield>
    <subfield code="p">Witness</subfield>
  </datafield>
  <datafield tag="257" ind1=" " ind2=" ">
    <subfield code="a">United States.</subfield>
  </datafield>
  <datafield tag="260" ind1=" " ind2=" ">
    <subfield code="c">2017-05-21.</subfield>
  </datafield>
  <datafield tag="300" ind1=" " ind2=" ">
    <subfield code="3">viewing copy</subfield>
    <subfield code="a">1 videocassette of 1 (HDCAM) (45 min., 36 sec.) :</subfield>
    <subfield code="b">sd., col. ;</subfield>
    <subfield code="c">1/2 in.</subfield>
  </datafield>
  <datafield tag="500" ind1=" " ind2=" ">
    <subfield code="a">Episode no. H8010.</subfield>
  </datafield>
  <datafield tag="500" ind1=" " ind2=" ">
    <subfield code="a">Production no. 03010.</subfield>
  </datafield>
  <datafield tag="511" ind1="1" ind2=" ">
    <subfield code="a">Aaron Stanford, Amanda Schull, Barbara Sukowa.</subfield>
  </datafield>
  <datafield tag="500" ind1=" " ind2=" ">
    <subfield code="a">Sources used: video container; Copyright catalog online; Copyright description; Internet movie database WWW site, viewed January 2, 2020.</subfield>
  </datafield>
  <datafield tag="655" ind1=" " ind2="7">
    <subfield code="a">Science fiction television programs.</subfield>
    <subfield code="2">lcgft</subfield>
  </datafield>
  <datafield tag="655" ind1=" " ind2="7">
    <subfield code="a">Fiction television programs.</subfield>
    <subfield code="2">lcgft</subfield>
  </datafield>
  <datafield tag="710" ind1="2" ind2=" ">
    <subfield code="a">Copyright Collection (Library of Congress)</subfield>
    <subfield code="5">DLC</subfield>
  </datafield>
</record>