
<record>
  <leader>02970nam a22003978i 4500</leader>
  <controlfield tag="001">21349861</controlfield>
  <controlfield tag="005">20200102160159.0</controlfield>
  <controlfield tag="008">200102s2021    nyu      b    001 0 eng  </controlfield>
  <datafield tag="906" ind1=" " ind2=" ">
    <subfield code="a">0</subfield>
    <subfield code="b">ibc</subfield>
    <subfield code="c">orignew</subfield>
    <subfield code="d">1</subfield>
    <subfield code="e">ecip</subfield>
    <subfield code="f">20</subfield>
    <subfield code="g">y-gencatlg</subfield>
  </datafield>
  <datafield tag="925" ind1="0" ind2=" ">
    <subfield code="a">acquire</subfield>
    <subfield code="b">1 shelf copy</subfield>
    <subfield code="x">policy default</subfield>
  </datafield>
  <datafield tag="955" ind1=" " ind2=" ">
    <subfield code="b">DNLM 2020-01-02</subfield>
  </datafield>
  <datafield tag="010" ind1=" " ind2=" ">
    <subfield code="a">  2019060209</subfield>
  </datafield>
  <datafield tag="020" ind1=" " ind2=" ">
    <subfield code="a">9780826148032</subfield>
    <subfield code="q">(paperback)</subfield>
  </datafield>
  <datafield tag="020" ind1=" " ind2=" ">
    <subfield code="z">9780826148049</subfield>
    <subfield code="q">(ebook)</subfield>
  </datafield>
  <datafield tag="040" ind1=" " ind2=" ">
    <subfield code="a">DNLM/DLC</subfield>
    <subfield code="b">eng</subfield>
    <subfield code="e">rda</subfield>
    <subfield code="c">DLC</subfield>
  </datafield>
  <datafield tag="042" ind1=" " ind2=" ">
    <subfield code="a">pcc</subfield>
  </datafield>
  <datafield tag="060" ind1="1" ind2="0">
    <subfield code="a">W 20.5</subfield>
  </datafield>
  <datafield tag="100" ind1="1" ind2=" ">
    <subfield code="a">Gitlin, Laura N.,</subfield>
    <subfield code="d">1952-</subfield>
    <subfield code="e">author.</subfield>
  </datafield>
  <datafield tag="245" ind1="1" ind2="0">
    <subfield code="a">Successful grant writing :</subfield>
    <subfield code="b">strategies for health and human service professionals /</subfield>
    <subfield code="c">Laura N. Gitlin, Ann Kolanowski, Kevin J. Lyons.</subfield>
  </datafield>
  <datafield tag="250" ind1=" " ind2=" ">
    <subfield code="a">Fifth edition.</subfield>
  </datafield>
  <datafield tag="263" ind1=" " ind2=" ">
    <subfield code="a">2005</subfield>
  </datafield>
  <datafield tag="264" ind1=" " ind2="1">
    <subfield code="a">New York, NY :</subfield>
    <subfield code="b">Springer Publishing Company,</subfield>
    <subfield code="c">[2021]</subfield>
  </datafield>
  <datafield tag="300" ind1=" " ind2=" ">
    <subfield code="a">pages cm</subfield>
  </datafield>
  <datafield tag="336" ind1=" " ind2=" ">
    <subfield code="a">text</subfield>
    <subfield code="b">txt</subfield>
    <subfield code="2">rdacontent</subfield>
  </datafield>
  <datafield tag="337" ind1=" " ind2=" ">
    <subfield code="a">unmediated</subfield>
    <subfield code="b">n</subfield>
    <subfield code="2">rdamedia</subfield>
  </datafield>
  <datafield tag="338" ind1=" " ind2=" ">
    <subfield code="a">volume</subfield>
    <subfield code="b">nc</subfield>
    <subfield code="2">rdacarrier</subfield>
  </datafield>
  <datafield tag="504" ind1=" " ind2=" ">
    <subfield code="a">Includes bibliographical references and index.</subfield>
  </datafield>
  <datafield tag="505" ind1="0" ind2=" ">
    <subfield code="a">Why Write a Grant? -- Becoming Familiar with Funding Sources -- Developing Your Ideas for Funding -- Infrastructure to Support Grantsmanship -- Everyone Needs a Mentor -- Strategies for Effective Writing -- Overview of Common Sections of Proposals -- Heart of the Matter : The AIMS -- Background and Significance -- The Approach -- Concept Papers, Pilot Studies, and Supporting Documentation -- Common Pitfalls in Proposals -- Budget Basics -- Putting It All Together to Create a Budget -- Technical Considerations in Budget Development -- Four Project Structures -- Understanding the Process of Collaboration -- Collaborating for Team Science -- Learning about your Institution -- Electronic Considerations -- Understanding the Review Process -- Responding to the Proposal Review -- Welcome to the World of Post-Award -- Building a Program of Research -- A Case Study : Putting it All Together.</subfield>
  </datafield>
  <datafield tag="520" ind1=" " ind2=" ">
    <subfield code="a">&quot;This edition presents the fundamental principles for effectively securing funds. The book describes an approach to thinking about and engaging in grant writing and the necessary vocabulary and knowledge to effectively read a funding opportunity, determine its appropriateness to pursue vis-à-vis your ideas and level of professional development, and the processes for applying for funding. This edition also includes expanded coverage of key areas such as how to write an effective aims page, considerations for specific types of study designs, how to write a compelling literature review&quot;--</subfield>
    <subfield code="c">Provided by publisher.</subfield>
  </datafield>
  <datafield tag="650" ind1="1" ind2="2">
    <subfield code="a">Research Support as Topic</subfield>
    <subfield code="x">methods</subfield>
  </datafield>
  <datafield tag="650" ind1="1" ind2="2">
    <subfield code="a">Writing</subfield>
    <subfield code="x">standards</subfield>
  </datafield>
  <datafield tag="650" ind1="2" ind2="2">
    <subfield code="a">Biomedical Research</subfield>
    <subfield code="x">economics</subfield>
  </datafield>
  <datafield tag="700" ind1="1" ind2=" ">
    <subfield code="a">Kolanowski, Ann,</subfield>
    <subfield code="e">author.</subfield>
  </datafield>
  <datafield tag="700" ind1="1" ind2=" ">
    <subfield code="a">Lyons, Kevin J.,</subfield>
    <subfield code="e">author.</subfield>
  </datafield>
  <datafield tag="776" ind1="0" ind2="8">
    <subfield code="i">Online version:</subfield>
    <subfield code="a">Gitlin, Laura N.,</subfield>
    <subfield code="t">Successful grant writing</subfield>
    <subfield code="b">Fifth edition.</subfield>
    <subfield code="d">New York, NY : Springer Publishing Company, [2021]</subfield>
    <subfield code="z">9780826148049</subfield>
    <subfield code="w">(DLC) 2019060210</subfield>
  </datafield>
  <datafield tag="985" ind1=" " ind2=" ">
    <subfield code="a">DNLMCIP</subfield>
    <subfield code="d">2020-01-02</subfield>
  </datafield>
</record>