
<record>
  <leader>05810cjm a2200817Ii 4500</leader>
  <controlfield tag="001">21349865</controlfield>
  <controlfield tag="005">20200102172732.0</controlfield>
  <controlfield tag="007">sd fsngnnmmneu</controlfield>
  <controlfield tag="008">180910p20171974ir munn  hiz      n und d</controlfield>
  <datafield tag="906" ind1=" " ind2=" ">
    <subfield code="a">0</subfield>
    <subfield code="b">ibc</subfield>
    <subfield code="c">copycat</subfield>
    <subfield code="d">2</subfield>
    <subfield code="e">ncip</subfield>
    <subfield code="f">20</subfield>
    <subfield code="g">y-soundrec</subfield>
  </datafield>
  <datafield tag="925" ind1="0" ind2=" ">
    <subfield code="a">acquire</subfield>
    <subfield code="b">2 shelf copies</subfield>
    <subfield code="x">policy default</subfield>
  </datafield>
  <datafield tag="955" ind1=" " ind2=" ">
    <subfield code="a">qr39 2020-01-01</subfield>
    <subfield code="i">qr39 2020-01-01</subfield>
  </datafield>
  <datafield tag="035" ind1=" " ind2=" ">
    <subfield code="a">(OCoLC)on1054999062</subfield>
  </datafield>
  <datafield tag="040" ind1=" " ind2=" ">
    <subfield code="a">TDF</subfield>
    <subfield code="b">eng</subfield>
    <subfield code="e">rda</subfield>
    <subfield code="c">TDF</subfield>
    <subfield code="d">OCLCQ</subfield>
    <subfield code="d">FMZ</subfield>
    <subfield code="d">OCLCF</subfield>
    <subfield code="d">CGU</subfield>
    <subfield code="d">NOC</subfield>
    <subfield code="d">OCLCA</subfield>
    <subfield code="d">ZCU</subfield>
    <subfield code="d">OCL</subfield>
    <subfield code="d">OCLCA</subfield>
    <subfield code="d">DLC</subfield>
  </datafield>
  <datafield tag="066" ind1=" " ind2=" ">
    <subfield code="c">(3</subfield>
    <subfield code="c">(4</subfield>
  </datafield>
  <datafield tag="010" ind1=" " ind2=" ">
    <subfield code="a">  2020615051</subfield>
  </datafield>
  <datafield tag="024" ind1="3" ind2=" ">
    <subfield code="a">6260608004938</subfield>
  </datafield>
  <datafield tag="028" ind1="0" ind2="2">
    <subfield code="a">M.CD-501</subfield>
    <subfield code="b">Mahoor Institute of Culture and Arts</subfield>
  </datafield>
  <datafield tag="028" ind1="0" ind2="0">
    <subfield code="a">501</subfield>
    <subfield code="b">Mahoor Institute of Culture and Arts</subfield>
  </datafield>
  <datafield tag="028" ind1="0" ind2="0">
    <subfield code="a">CD501</subfield>
    <subfield code="b">Mahoor Institute of Culture and Arts</subfield>
  </datafield>
  <datafield tag="035" ind1=" " ind2=" ">
    <subfield code="a">(OCoLC)1054999062</subfield>
  </datafield>
  <datafield tag="041" ind1=" " ind2=" ">
    <subfield code="g">per</subfield>
    <subfield code="g">eng</subfield>
  </datafield>
  <datafield tag="043" ind1=" " ind2=" ">
    <subfield code="a">a-ir---</subfield>
  </datafield>
  <datafield tag="245" ind1="0" ind2="0">
    <subfield code="6">880-01</subfield>
    <subfield code="a">Guvāt va z̲ikr dar Balūchistān =</subfield>
    <subfield code="b">Guat &amp; zekr in Baluchestân.</subfield>
  </datafield>
  <datafield tag="246" ind1="3" ind2="1">
    <subfield code="a">Guat &amp; zekr in Baluchestân</subfield>
  </datafield>
  <datafield tag="246" ind1="3" ind2=" ">
    <subfield code="a">Guat and zekr in Baluchestân</subfield>
  </datafield>
  <datafield tag="264" ind1=" " ind2="1">
    <subfield code="6">880-02</subfield>
    <subfield code="a">[Tehran] :</subfield>
    <subfield code="b">Muʼassasah-yi Farhangī-Hunarī-i Māhūr = Mahoor Institute of Culture and Arts,</subfield>
    <subfield code="c">[2017]</subfield>
  </datafield>
  <datafield tag="264" ind1=" " ind2="4">
    <subfield code="c">©2017</subfield>
  </datafield>
  <datafield tag="300" ind1=" " ind2=" ">
    <subfield code="a">2 audio discs (2 hr., 26 min., 47 sec.) :</subfield>
    <subfield code="b">digital ;</subfield>
    <subfield code="c">4 3/4 in.</subfield>
  </datafield>
  <datafield tag="306" ind1=" " ind2=" ">
    <subfield code="a">011300</subfield>
    <subfield code="a">011347</subfield>
  </datafield>
  <datafield tag="336" ind1=" " ind2=" ">
    <subfield code="a">performed music</subfield>
    <subfield code="b">prm</subfield>
    <subfield code="2">rdacontent</subfield>
  </datafield>
  <datafield tag="337" ind1=" " ind2=" ">
    <subfield code="a">audio</subfield>
    <subfield code="b">s</subfield>
    <subfield code="2">rdamedia</subfield>
  </datafield>
  <datafield tag="338" ind1=" " ind2=" ">
    <subfield code="a">audio disc</subfield>
    <subfield code="b">sd</subfield>
    <subfield code="2">rdacarrier</subfield>
  </datafield>
  <datafield tag="344" ind1=" " ind2=" ">
    <subfield code="a">digital</subfield>
    <subfield code="2">rdatr</subfield>
  </datafield>
  <datafield tag="344" ind1=" " ind2=" ">
    <subfield code="b">optical</subfield>
    <subfield code="2">rdarm</subfield>
  </datafield>
  <datafield tag="344" ind1=" " ind2=" ">
    <subfield code="g">stereo</subfield>
    <subfield code="2">rdacpc</subfield>
  </datafield>
  <datafield tag="347" ind1=" " ind2=" ">
    <subfield code="a">audio file</subfield>
    <subfield code="2">rdaft</subfield>
  </datafield>
  <datafield tag="347" ind1=" " ind2=" ">
    <subfield code="b">CD audio</subfield>
  </datafield>
  <datafield tag="382" ind1="0" ind2="1">
    <subfield code="3">CD1, track 1</subfield>
    <subfield code="a">male voice</subfield>
    <subfield code="n">1</subfield>
    <subfield code="d">plucked lute</subfield>
    <subfield code="n">1</subfield>
    <subfield code="a">male voice</subfield>
    <subfield code="n">1</subfield>
    <subfield code="a">sārindā</subfield>
    <subfield code="n">1</subfield>
    <subfield code="s">3</subfield>
    <subfield code="2">lcmpt</subfield>
  </datafield>
  <datafield tag="382" ind1="1" ind2="1">
    <subfield code="3">CD1, tracks 2-4</subfield>
    <subfield code="a">female voice</subfield>
    <subfield code="a">hand clapping</subfield>
    <subfield code="a">sārindā</subfield>
    <subfield code="n">1</subfield>
    <subfield code="a">plucked lute</subfield>
    <subfield code="n">1</subfield>
    <subfield code="2">lcmpt</subfield>
  </datafield>
  <datafield tag="382" ind1="0" ind2="1">
    <subfield code="a">CD1, track 5; CD2, tracks 4-6</subfield>
    <subfield code="a">sārindā</subfield>
    <subfield code="n">1</subfield>
    <subfield code="a">plucked lute</subfield>
    <subfield code="n">1</subfield>
    <subfield code="s">2</subfield>
    <subfield code="2">lcmpt</subfield>
  </datafield>
  <datafield tag="382" ind1="0" ind2="1">
    <subfield code="a">CD1, track 6</subfield>
    <subfield code="a">male voice</subfield>
    <subfield code="n">3</subfield>
    <subfield code="d">plucked lute</subfield>
    <subfield code="n">3</subfield>
    <subfield code="a">sārindā</subfield>
    <subfield code="n">1</subfield>
    <subfield code="a">vocal ensemble</subfield>
    <subfield code="e">1</subfield>
    <subfield code="r">4</subfield>
    <subfield code="t">1</subfield>
    <subfield code="2">lcmpt</subfield>
  </datafield>
  <datafield tag="382" ind1="0" ind2="1">
    <subfield code="a">CD2, track 1</subfield>
    <subfield code="a">rubāb</subfield>
    <subfield code="n">1</subfield>
    <subfield code="a">plucked lute</subfield>
    <subfield code="n">1</subfield>
    <subfield code="s">2</subfield>
    <subfield code="2">lcmpt</subfield>
  </datafield>
  <datafield tag="382" ind1="0" ind2="1">
    <subfield code="a">CD2, tracks 2-3</subfield>
    <subfield code="a">ney</subfield>
    <subfield code="v">double flute</subfield>
    <subfield code="n">1</subfield>
    <subfield code="s">1</subfield>
    <subfield code="2">lcmpt</subfield>
  </datafield>
  <datafield tag="382" ind1="0" ind2="1">
    <subfield code="a">CD2, track 7</subfield>
    <subfield code="a">male voice</subfield>
    <subfield code="n">1</subfield>
    <subfield code="d">plucked lute</subfield>
    <subfield code="n">1</subfield>
    <subfield code="a">sārindā</subfield>
    <subfield code="n">1</subfield>
    <subfield code="d">male voice</subfield>
    <subfield code="n">1</subfield>
    <subfield code="s">2</subfield>
    <subfield code="2">lcmpt</subfield>
  </datafield>
  <datafield tag="382" ind1="0" ind2="1">
    <subfield code="a">CD2, track 8</subfield>
    <subfield code="a">male voice</subfield>
    <subfield code="n">1</subfield>
    <subfield code="a">dholi</subfield>
    <subfield code="n">1</subfield>
    <subfield code="d">male voice</subfield>
    <subfield code="n">1</subfield>
    <subfield code="a">ney</subfield>
    <subfield code="v">double flute</subfield>
    <subfield code="n">1</subfield>
    <subfield code="s">3</subfield>
    <subfield code="2">lcmpt</subfield>
  </datafield>
  <datafield tag="382" ind1="0" ind2="1">
    <subfield code="a">CD2, track 9</subfield>
    <subfield code="a">male voice</subfield>
    <subfield code="n">1</subfield>
    <subfield code="d">sārindā</subfield>
    <subfield code="n">1</subfield>
    <subfield code="a">male voice</subfield>
    <subfield code="n">1</subfield>
    <subfield code="d">dholi</subfield>
    <subfield code="n">1</subfield>
    <subfield code="s">2</subfield>
    <subfield code="2">lcmpt</subfield>
  </datafield>
  <datafield tag="490" ind1="1" ind2=" ">
    <subfield code="6">880-03</subfield>
    <subfield code="a">Mūsīqī-i navāḥī-i Īrān =</subfield>
    <subfield code="a">Regional music of Iran ;</subfield>
    <subfield code="v">68</subfield>
  </datafield>
  <datafield tag="500" ind1=" " ind2=" ">
    <subfield code="a">Title from disc label.</subfield>
  </datafield>
  <datafield tag="511" ind1="0" ind2=" ">
    <subfield code="a">Yussef Shāhraki, sorud ; Jān Mohammad Mollāzehi, Karimbakhsh Ostādi, vocal, tanbireh ; Bahrām Surzehi, vocal, sorud ; Shir Mohammad Espandār, do-ney ; Jamādār Chākeri, robāb ; with additional performers.</subfield>
  </datafield>
  <datafield tag="500" ind1=" " ind2=" ">
    <subfield code="a">Collected, researched, and accompanying notes by Fozié Majd.</subfield>
  </datafield>
  <datafield tag="518" ind1=" " ind2=" ">
    <subfield code="o">Recorded</subfield>
    <subfield code="d">1974-1975</subfield>
    <subfield code="p">Baluchestan, various locations.</subfield>
  </datafield>
  <datafield tag="500" ind1=" " ind2=" ">
    <subfield code="a">Compact discs in separate containers.</subfield>
  </datafield>
  <datafield tag="500" ind1=" " ind2=" ">
    <subfield code="a">Program notes in each container in Persian and English (17, 7 pages : illustrations; 11, 13 pages : illustrations).</subfield>
  </datafield>
  <datafield tag="505" ind1="0" ind2=" ">
    <subfield code="a">CD1. Abdol Ghāder-e Jilāni (Gilāni) ; Jubeylā dam dam-e ghalandar (Karim Bakhsh Ostādi, vocal, tanbireh ; Gāji Ra&apos;is, sorud ; Ākhar Bakhsh Darvishi, paskhān (response) (13:10) -- Sāz-e barāhū-i (8:36) ; Zekr continued (12:36) ; the Zekrs continue (10:46). Zekrs: Allāh man faghiram ; Dam dame-e mast-e ghalandar ; Jubeylā ; El-lal-lāh (Yussef Shāhraki, sorud ; Shahmorād Najāri, tanbireh ; Soru Mohammad Zadeh, Māh Bibi, two of the ladies participating in the singing) -- Sāz-e mār ; Simorgh (Yussef Shāhraki, sorud ; Shāhmorad Najāri, tanbireh) (9:22) -- The zekr of ghalandar La&apos;al-e Shahbāz (Ghaderbakhsh Rudsāz, Gholāmghāder Mollāzehi, Jān Mohammad Mollāzehi, vocals, tanbireh ; Dor Mohammad Ostādi, sorud ; Azizollāh Mobāraki and others, paskhān) (18:59) --</subfield>
  </datafield>
  <datafield tag="505" ind1="8" ind2=" ">
    <subfield code="a">CD2. The zekr of God (Jamādār Chākeri, robab ; Abdolkhālegh. tambireh) (3:35) -- Sāz-e mār = The snake piece (Ramezān Chākeri, do-ney) (5:50) -- Simorgh = The phoenix (Shir Mohammad Espandār, do-ney) (4:28) -- The phoenix (4:37) ; Diri (4:29) ; Pir moridam (6:53) (Bangol Zehi, sorud ; Dād Mohammad, tanbireh) -- Mohammad yā Rassul Allāh (Karimbakhsh Ostādi, vocal, tanbireh ; Gāji Ra&apos;is, sorud, paskhān) (11:45) -- Shahbāz-e ghalandar (Ramezān Keshāvarz, vocal ; Rasulbakhsh Keshāvarz, dohol, paskhān ; Shir Mohammad Espandār, doney) (8:46) -- Allāh man faghiram, pir-e dastgiram Allāh hū (Bahrām Surzehi, vocal, sorud ; Abdolkarim Movahedi, vocal, dohol) (12:45) -- Ghalandar mast (Sāhebdād Ostādi, vocal, sorud ; La&apos;albakhsh Dāvudi, tanbireh, paskhān (response)) (4:15) -- Mast-e ghalandar La&apos;al-e hu, Shahbāz-e ghalandar La&apos;al-e hu (Bahrām Surzehi, vocal, sorud ; Abdolkarim Movahedi, dohol, paskhān) (6:25).</subfield>
  </datafield>
  <datafield tag="650" ind1=" " ind2="0">
    <subfield code="a">Folk music</subfield>
    <subfield code="z">Iran.</subfield>
  </datafield>
  <datafield tag="650" ind1=" " ind2="0">
    <subfield code="a">Folk music</subfield>
    <subfield code="z">Balochistan Region.</subfield>
  </datafield>
  <datafield tag="650" ind1=" " ind2="0">
    <subfield code="a">Sufi chants</subfield>
    <subfield code="z">Iran.</subfield>
  </datafield>
  <datafield tag="650" ind1=" " ind2="0">
    <subfield code="a">Sufi chants</subfield>
    <subfield code="z">Balochistan Region.</subfield>
  </datafield>
  <datafield tag="655" ind1=" " ind2="7">
    <subfield code="a">Folk music.</subfield>
    <subfield code="2">lcgft</subfield>
  </datafield>
  <datafield tag="655" ind1=" " ind2="7">
    <subfield code="a">Chants.</subfield>
    <subfield code="2">lcgft</subfield>
  </datafield>
  <datafield tag="655" ind1=" " ind2="7">
    <subfield code="a">Sacred music.</subfield>
    <subfield code="2">lcgft</subfield>
  </datafield>
  <datafield tag="655" ind1=" " ind2="7">
    <subfield code="a">Field recordings.</subfield>
    <subfield code="2">lcgft</subfield>
  </datafield>
  <datafield tag="700" ind1="1" ind2=" ">
    <subfield code="a">Majd, Fawzīyah,</subfield>
    <subfield code="e">editor,</subfield>
    <subfield code="e">writer of supplementary textual content.</subfield>
  </datafield>
  <datafield tag="710" ind1="2" ind2=" ">
    <subfield code="6">880-04</subfield>
    <subfield code="a">Muʼassasah-i Farhangī-i Hunarī-i Māhūr.</subfield>
  </datafield>
  <datafield tag="830" ind1=" " ind2="0">
    <subfield code="a">Mūsīqī-i navāḥī-i Īrān ;</subfield>
    <subfield code="v">68.</subfield>
  </datafield>
  <datafield tag="880" ind1="0" ind2="0">
    <subfield code="6">245-01/(4/r</subfield>
    <subfield code="a">گوات و ذکر در بلوچستان =</subfield>
    <subfield code="b">Guat and zekr in Baluchestân.</subfield>
  </datafield>
  <datafield tag="880" ind1=" " ind2="1">
    <subfield code="6">264-02/(3/r</subfield>
    <subfield code="a">[Tehran] :</subfield>
    <subfield code="b">مؤسسه‌ى فرهنگى-هنرى ماهور،</subfield>
    <subfield code="c">[2017]</subfield>
  </datafield>
  <datafield tag="880" ind1="1" ind2=" ">
    <subfield code="6">490-03/(3/r</subfield>
    <subfield code="a">موسيقى نواحى ايران =</subfield>
    <subfield code="a">Regional music of Iran ;</subfield>
    <subfield code="v">68</subfield>
  </datafield>
  <datafield tag="880" ind1="2" ind2=" ">
    <subfield code="6">710-04/(3/r</subfield>
    <subfield code="a">مؤسسه فرهنگى هنرى ماهور.</subfield>
  </datafield>
</record>