
<record>
  <leader>01742cem a22003851i 4500</leader>
  <controlfield tag="001">21349873</controlfield>
  <controlfield tag="005">20200102164009.0</controlfield>
  <controlfield tag="007">aj canzn</controlfield>
  <controlfield tag="008">200102s2017    dcubg     a  f  1   eng  </controlfield>
  <datafield tag="906" ind1=" " ind2=" ">
    <subfield code="a">7</subfield>
    <subfield code="b">cbc</subfield>
    <subfield code="c">origcop</subfield>
    <subfield code="d">u</subfield>
    <subfield code="e">ncip</subfield>
    <subfield code="f">20</subfield>
    <subfield code="g">y-geogmaps</subfield>
  </datafield>
  <datafield tag="925" ind1="0" ind2=" ">
    <subfield code="a">acquire</subfield>
    <subfield code="b">1 shelf copy</subfield>
    <subfield code="x">policy default</subfield>
  </datafield>
  <datafield tag="955" ind1=" " ind2=" ">
    <subfield code="i">ga09 2020-01-02 sent to CMT</subfield>
  </datafield>
  <datafield tag="010" ind1=" " ind2=" ">
    <subfield code="a">  2020588005</subfield>
  </datafield>
  <datafield tag="034" ind1="1" ind2=" ">
    <subfield code="a">a</subfield>
    <subfield code="b">255000</subfield>
    <subfield code="d">W 1161200</subfield>
    <subfield code="e">W1144200</subfield>
    <subfield code="f">N0353800</subfield>
    <subfield code="g">N0343900</subfield>
  </datafield>
  <datafield tag="040" ind1=" " ind2=" ">
    <subfield code="a">DLC</subfield>
    <subfield code="b">eng</subfield>
    <subfield code="c">DLC</subfield>
    <subfield code="e">rda</subfield>
  </datafield>
  <datafield tag="050" ind1="0" ind2="0">
    <subfield code="a">G4362.M6315 2017</subfield>
    <subfield code="b">.U5</subfield>
  </datafield>
  <datafield tag="052" ind1=" " ind2=" ">
    <subfield code="a">4362</subfield>
    <subfield code="b">M6315</subfield>
  </datafield>
  <datafield tag="110" ind1="1" ind2=" ">
    <subfield code="a">United States.</subfield>
    <subfield code="b">National Park Service,</subfield>
    <subfield code="e">cartographer,</subfield>
    <subfield code="e">issuing body.</subfield>
  </datafield>
  <datafield tag="245" ind1="1" ind2="0">
    <subfield code="a">Mojave National Preserve, California /</subfield>
    <subfield code="c">National Park Service, U.S. Department of the Interior.</subfield>
  </datafield>
  <datafield tag="246" ind1="1" ind2=" ">
    <subfield code="i">Alternate title:</subfield>
    <subfield code="a">Mojave</subfield>
  </datafield>
  <datafield tag="250" ind1=" " ind2=" ">
    <subfield code="a">Last updated 2017.</subfield>
  </datafield>
  <datafield tag="255" ind1=" " ind2=" ">
    <subfield code="a">Scale approximately 1:255,000</subfield>
    <subfield code="c">(W 116°12&apos;--W 114°42&apos;/N 35°38&apos;--N 34°39&apos;).</subfield>
  </datafield>
  <datafield tag="264" ind1=" " ind2="1">
    <subfield code="a">[Washington, D.C.] :</subfield>
    <subfield code="b">National Park Service, U.S. Department of the Interior,</subfield>
    <subfield code="c">2017.</subfield>
  </datafield>
  <datafield tag="300" ind1=" " ind2=" ">
    <subfield code="a">1 map :</subfield>
    <subfield code="b">color ;</subfield>
    <subfield code="c">42 x 50 cm, folded to 10 x 21 cm</subfield>
  </datafield>
  <datafield tag="336" ind1=" " ind2=" ">
    <subfield code="a">cartographic image</subfield>
    <subfield code="b">cri</subfield>
    <subfield code="2">rdacontent</subfield>
  </datafield>
  <datafield tag="337" ind1=" " ind2=" ">
    <subfield code="a">unmediated</subfield>
    <subfield code="b">n</subfield>
    <subfield code="2">rdamedia</subfield>
  </datafield>
  <datafield tag="338" ind1=" " ind2=" ">
    <subfield code="a">sheet</subfield>
    <subfield code="b">nb</subfield>
    <subfield code="2">rdacarrier</subfield>
  </datafield>
  <datafield tag="500" ind1=" " ind2=" ">
    <subfield code="a">Relief shown by shading and spot heights.</subfield>
  </datafield>
  <datafield tag="500" ind1=" " ind2=" ">
    <subfield code="a">&quot;*GPO:2017--398-407/30980.&quot;</subfield>
  </datafield>
  <datafield tag="500" ind1=" " ind2=" ">
    <subfield code="a">Title from panel.</subfield>
  </datafield>
  <datafield tag="500" ind1=" " ind2=" ">
    <subfield code="a">Includes text, indexed list with signs/symbols shown on map for recreation sites and facilities,k isitor information, inset of &quot;Nearby national park system desert areas,&quot; and illustrations.</subfield>
  </datafield>
  <datafield tag="500" ind1=" " ind2=" ">
    <subfield code="a">Text, color map, and color illustrations on verso.</subfield>
  </datafield>
  <datafield tag="651" ind1=" " ind2="0">
    <subfield code="a">Mojave National Preserve (Calif.)</subfield>
    <subfield code="v">Maps.</subfield>
  </datafield>
  <datafield tag="650" ind1=" " ind2="0">
    <subfield code="a">Outdoor recreation</subfield>
    <subfield code="z">California</subfield>
    <subfield code="z">Mojave National Preserve</subfield>
    <subfield code="v">Maps.</subfield>
  </datafield>
  <datafield tag="655" ind1=" " ind2="7">
    <subfield code="a">Maps.</subfield>
    <subfield code="2">lcgft</subfield>
  </datafield>
</record>