
<record>
  <leader>02736cjm a2200589 a 4500</leader>
  <controlfield tag="001">21349899</controlfield>
  <controlfield tag="005">20200102165009.0</controlfield>
  <controlfield tag="007">sd fsngnnmmned</controlfield>
  <controlfield tag="008">200102s1995    nyumun|  f        | eng d</controlfield>
  <datafield tag="906" ind1=" " ind2=" ">
    <subfield code="a">0</subfield>
    <subfield code="b">ibc</subfield>
    <subfield code="c">copycat</subfield>
    <subfield code="d">2</subfield>
    <subfield code="e">ncip</subfield>
    <subfield code="f">20</subfield>
    <subfield code="g">y-soundrec</subfield>
  </datafield>
  <datafield tag="925" ind1="0" ind2=" ">
    <subfield code="a">acquire</subfield>
    <subfield code="b">2 shelf copies</subfield>
    <subfield code="x">policy default</subfield>
  </datafield>
  <datafield tag="955" ind1=" " ind2=" ">
    <subfield code="a">qr36 2020-01-02 z-client</subfield>
    <subfield code="i">qr36 2020-01-02</subfield>
  </datafield>
  <datafield tag="010" ind1=" " ind2=" ">
    <subfield code="a">  2020615211</subfield>
  </datafield>
  <datafield tag="024" ind1="1" ind2=" ">
    <subfield code="a">731452833327</subfield>
  </datafield>
  <datafield tag="028" ind1="0" ind2="2">
    <subfield code="a">314-528 333-2</subfield>
    <subfield code="b">Mercury Nashville</subfield>
  </datafield>
  <datafield tag="035" ind1=" " ind2=" ">
    <subfield code="a">(OCoLC)ocm34543298</subfield>
  </datafield>
  <datafield tag="040" ind1=" " ind2=" ">
    <subfield code="a">ISO</subfield>
    <subfield code="b">eng</subfield>
    <subfield code="c">ISO</subfield>
    <subfield code="d">OCL</subfield>
    <subfield code="d">IKG</subfield>
    <subfield code="d">OCLCG</subfield>
    <subfield code="d">TJC</subfield>
    <subfield code="d">OCLCQ</subfield>
    <subfield code="d">OCLCF</subfield>
    <subfield code="d">OCL</subfield>
    <subfield code="d">OCLCQ</subfield>
    <subfield code="d">DLC</subfield>
  </datafield>
  <datafield tag="042" ind1=" " ind2=" ">
    <subfield code="a">lccopycat</subfield>
  </datafield>
  <datafield tag="047" ind1=" " ind2=" ">
    <subfield code="a">bg</subfield>
    <subfield code="a">cy</subfield>
  </datafield>
  <datafield tag="050" ind1="0" ind2="0">
    <subfield code="a">SDD</subfield>
  </datafield>
  <datafield tag="100" ind1="1" ind2=" ">
    <subfield code="a">Williams, Hank,</subfield>
    <subfield code="d">1923-1953.</subfield>
    <subfield code="4">prf</subfield>
  </datafield>
  <datafield tag="245" ind1="1" ind2="2">
    <subfield code="a">A picture of Hank :</subfield>
    <subfield code="b">the new bluegrass way.</subfield>
  </datafield>
  <datafield tag="246" ind1="3" ind2="0">
    <subfield code="a">New bluegrass way</subfield>
  </datafield>
  <datafield tag="260" ind1=" " ind2=" ">
    <subfield code="a">[Nashville, Tenn.] :</subfield>
    <subfield code="b">Mercury Nashville ;</subfield>
    <subfield code="a">New York, N.Y. :</subfield>
    <subfield code="b">Manufactured and marketed by PolyGram,</subfield>
    <subfield code="c">℗1995.</subfield>
  </datafield>
  <datafield tag="300" ind1=" " ind2=" ">
    <subfield code="a">1 audio disc :</subfield>
    <subfield code="b">digital ;</subfield>
    <subfield code="c">4 3/4 in.</subfield>
  </datafield>
  <datafield tag="336" ind1=" " ind2=" ">
    <subfield code="a">performed music</subfield>
    <subfield code="b">prm</subfield>
    <subfield code="2">rdacontent</subfield>
  </datafield>
  <datafield tag="337" ind1=" " ind2=" ">
    <subfield code="a">audio</subfield>
    <subfield code="b">s</subfield>
    <subfield code="2">rdamedia</subfield>
  </datafield>
  <datafield tag="338" ind1=" " ind2=" ">
    <subfield code="a">audio disc</subfield>
    <subfield code="b">sd</subfield>
    <subfield code="2">rdacarrier</subfield>
  </datafield>
  <datafield tag="500" ind1=" " ind2=" ">
    <subfield code="a">Blue grass and country songs.</subfield>
  </datafield>
  <datafield tag="511" ind1="0" ind2=" ">
    <subfield code="a">Various artists.</subfield>
  </datafield>
  <datafield tag="508" ind1=" " ind2=" ">
    <subfield code="a">Produced by Bil Vorndick ; Composed by Hank Williams; the 10th work (Lonesome whistle)--written by Hank Williams and Jimmie Davis.</subfield>
  </datafield>
  <datafield tag="518" ind1=" " ind2=" ">
    <subfield code="a">Recorded at Music Row Audio, Nashville, TN.</subfield>
  </datafield>
  <datafield tag="500" ind1=" " ind2=" ">
    <subfield code="a">Eds. recorded: BMI.</subfield>
  </datafield>
  <datafield tag="500" ind1=" " ind2=" ">
    <subfield code="a">Compact disc.</subfield>
  </datafield>
  <datafield tag="500" ind1=" " ind2=" ">
    <subfield code="a">Biographical information ([6] p.)--inserted in container.</subfield>
  </datafield>
  <datafield tag="505" ind1="0" ind2="0">
    <subfield code="t">I can&apos;t get you off my mind</subfield>
    <subfield code="r">(Claire Lynch)</subfield>
    <subfield code="g">(2:50) --</subfield>
    <subfield code="t">Your cheatin&apos; heart</subfield>
    <subfield code="r">(Ernie Thacker)</subfield>
    <subfield code="g">(3:33) --</subfield>
    <subfield code="t">I don&apos;t care (if tomorrow never comes)</subfield>
    <subfield code="r">(Terry Eldredge)</subfield>
    <subfield code="g">(2:10) --</subfield>
    <subfield code="t">Cold, cold heart</subfield>
    <subfield code="r">(Harley Allen)</subfield>
    <subfield code="g">(4:32) --</subfield>
    <subfield code="t">Why don&apos;t you love me</subfield>
    <subfield code="r">(Gene Wooten)</subfield>
    <subfield code="g">(2:06) --</subfield>
    <subfield code="t">I&apos;m so lonesome I could cry</subfield>
    <subfield code="r">(Kathy Chiavola)</subfield>
    <subfield code="g">(3:20) --</subfield>
    <subfield code="t">You&apos;re gonna change (or I&apos;m gonna leave)</subfield>
    <subfield code="r">(Andrea Zonn)</subfield>
    <subfield code="g">(2:46) --</subfield>
    <subfield code="t">I told a lie to my heart</subfield>
    <subfield code="r">(Don Rigsby)</subfield>
    <subfield code="g">(4:15) --</subfield>
    <subfield code="t">My heart would know</subfield>
    <subfield code="r">(Ernie Sykes)</subfield>
    <subfield code="g">(4:04) --</subfield>
    <subfield code="r">(I heard that) Lonesome whistle</subfield>
    <subfield code="r">(Ronnie McCoury)</subfield>
    <subfield code="g">(4:34) --</subfield>
    <subfield code="t">Jambalaya (On the bayou)</subfield>
    <subfield code="r">(Ed Dye)</subfield>
    <subfield code="g">(4:28).</subfield>
  </datafield>
  <datafield tag="650" ind1=" " ind2="0">
    <subfield code="a">Bluegrass music</subfield>
    <subfield code="y">1991-2000.</subfield>
  </datafield>
  <datafield tag="650" ind1=" " ind2="0">
    <subfield code="a">Country music</subfield>
    <subfield code="y">1991-2000.</subfield>
  </datafield>
  <datafield tag="650" ind1=" " ind2="7">
    <subfield code="a">Bluegrass music.</subfield>
    <subfield code="2">fast</subfield>
    <subfield code="0">(OCoLC)fst00835040</subfield>
  </datafield>
  <datafield tag="650" ind1=" " ind2="7">
    <subfield code="a">Country music.</subfield>
    <subfield code="2">fast</subfield>
    <subfield code="0">(OCoLC)fst00881424</subfield>
  </datafield>
  <datafield tag="648" ind1=" " ind2="7">
    <subfield code="a">1991-2000</subfield>
    <subfield code="2">fast</subfield>
  </datafield>
  <datafield tag="700" ind1="1" ind2=" ">
    <subfield code="a">Lynch, Claire.</subfield>
    <subfield code="4">prf</subfield>
  </datafield>
  <datafield tag="700" ind1="1" ind2=" ">
    <subfield code="a">Thacker, Ernie.</subfield>
    <subfield code="4">prf</subfield>
  </datafield>
  <datafield tag="700" ind1="1" ind2=" ">
    <subfield code="a">Eldredge, Terry.</subfield>
    <subfield code="4">prf</subfield>
  </datafield>
  <datafield tag="700" ind1="1" ind2=" ">
    <subfield code="a">Allen, Harley.</subfield>
    <subfield code="4">prf</subfield>
  </datafield>
  <datafield tag="700" ind1="1" ind2=" ">
    <subfield code="a">Wooten, Gene.</subfield>
    <subfield code="4">prf</subfield>
  </datafield>
  <datafield tag="700" ind1="1" ind2=" ">
    <subfield code="a">Chiavola, Kathy.</subfield>
    <subfield code="4">prf</subfield>
  </datafield>
  <datafield tag="700" ind1="1" ind2=" ">
    <subfield code="a">Zonn, Andrea.</subfield>
    <subfield code="4">prf</subfield>
  </datafield>
  <datafield tag="700" ind1="1" ind2=" ">
    <subfield code="a">Rigsby, Don.</subfield>
    <subfield code="4">prf</subfield>
  </datafield>
  <datafield tag="700" ind1="1" ind2=" ">
    <subfield code="a">Sykes, Ernie.</subfield>
    <subfield code="4">prf</subfield>
  </datafield>
  <datafield tag="700" ind1="1" ind2=" ">
    <subfield code="a">McCoury, Ronnie.</subfield>
    <subfield code="4">prf</subfield>
  </datafield>
  <datafield tag="700" ind1="1" ind2=" ">
    <subfield code="a">Dye, Ed.</subfield>
    <subfield code="4">prf</subfield>
  </datafield>
</record>