
<record>
  <leader>02522cam a22003138i 4500</leader>
  <controlfield tag="001">21349922</controlfield>
  <controlfield tag="005">20200102165926.0</controlfield>
  <controlfield tag="008">200102s2020    vau      b    000 0 eng  </controlfield>
  <datafield tag="906" ind1=" " ind2=" ">
    <subfield code="a">0</subfield>
    <subfield code="b">ibc</subfield>
    <subfield code="c">orignew</subfield>
    <subfield code="d">1</subfield>
    <subfield code="e">ecip</subfield>
    <subfield code="f">20</subfield>
    <subfield code="g">y-gencatlg</subfield>
  </datafield>
  <datafield tag="925" ind1="0" ind2=" ">
    <subfield code="a">acquire</subfield>
    <subfield code="b">1 shelf copy</subfield>
    <subfield code="x">policy default</subfield>
  </datafield>
  <datafield tag="955" ind1=" " ind2=" ">
    <subfield code="b">cm07 2020-01-02 telework</subfield>
    <subfield code="c">cm07 2020-01-02 telework to subj.</subfield>
  </datafield>
  <datafield tag="010" ind1=" " ind2=" ">
    <subfield code="a">  2019059961</subfield>
  </datafield>
  <datafield tag="020" ind1=" " ind2=" ">
    <subfield code="a">9781513806747</subfield>
    <subfield code="q">(paperback)</subfield>
  </datafield>
  <datafield tag="020" ind1=" " ind2=" ">
    <subfield code="a">9781513806754</subfield>
    <subfield code="q">(hardcover)</subfield>
  </datafield>
  <datafield tag="020" ind1=" " ind2=" ">
    <subfield code="z">9781513806761</subfield>
    <subfield code="q">(ebook)</subfield>
  </datafield>
  <datafield tag="040" ind1=" " ind2=" ">
    <subfield code="a">DLC</subfield>
    <subfield code="b">eng</subfield>
    <subfield code="e">rda</subfield>
    <subfield code="c">DLC</subfield>
  </datafield>
  <datafield tag="042" ind1=" " ind2=" ">
    <subfield code="a">pcc</subfield>
  </datafield>
  <datafield tag="100" ind1="1" ind2=" ">
    <subfield code="a">Westra, Megan K.,</subfield>
    <subfield code="e">author.</subfield>
  </datafield>
  <datafield tag="245" ind1="1" ind2="0">
    <subfield code="a">Born again and again :</subfield>
    <subfield code="b">Jesus&apos; call to radical transformation /</subfield>
    <subfield code="c">Megan K. Westra.</subfield>
  </datafield>
  <datafield tag="263" ind1=" " ind2=" ">
    <subfield code="a">2008</subfield>
  </datafield>
  <datafield tag="264" ind1=" " ind2="1">
    <subfield code="a">Harrisonburg, Virginia :</subfield>
    <subfield code="b">Herald Press,</subfield>
    <subfield code="c">[2020]</subfield>
  </datafield>
  <datafield tag="300" ind1=" " ind2=" ">
    <subfield code="a">pages cm</subfield>
  </datafield>
  <datafield tag="336" ind1=" " ind2=" ">
    <subfield code="a">text</subfield>
    <subfield code="b">txt</subfield>
    <subfield code="2">rdacontent</subfield>
  </datafield>
  <datafield tag="337" ind1=" " ind2=" ">
    <subfield code="a">unmediated</subfield>
    <subfield code="b">n</subfield>
    <subfield code="2">rdamedia</subfield>
  </datafield>
  <datafield tag="338" ind1=" " ind2=" ">
    <subfield code="a">volume</subfield>
    <subfield code="b">nc</subfield>
    <subfield code="2">rdacarrier</subfield>
  </datafield>
  <datafield tag="504" ind1=" " ind2=" ">
    <subfield code="a">Includes bibliographical references.</subfield>
  </datafield>
  <datafield tag="505" ind1="0" ind2=" ">
    <subfield code="a">How I “got saved” -- You&apos;re invited: reimaging personal salvation -- Connection over consumption: expanding our view of salvation -- The authorities are God&apos;s servants: connection over consumption in politics -- We are all one in Christ, separately please: connection over consumption in relationship across race -- Forgive us our debts: connection over consumption in finances -- Rule and subdue: connection over consumption in relationship with creation -- I do not permit a woman: connection over consumption in relationship to gender -- Consuming Christ: what broken bread teaches me about salvation.</subfield>
  </datafield>
  <datafield tag="520" ind1=" " ind2=" ">
    <subfield code="a">&quot;Born Again and Again is the story of how a religion birthed on the margins of the Roman Empire became functionally the official religion of today&apos;s largest military superpower. Pastor and blogger Megan K. Westra takes on the consuming form of Christianity that has birthed the doctrine of discovery, planet-killing lifestyles, and civil religion. She leads readers into an encounter with the Jesus who gave up everything to come to us and invites us to give up everything to come to him. Conforming to Christ radically reorients our lives, priorities, and faith away from a mode of acquisition to a pattern of discipleship, setting us free from fear-based consumption and creating new possibilities for connection and belonging within the community of God&apos;s people&quot;--</subfield>
    <subfield code="c">Provided by publisher.</subfield>
  </datafield>
  <datafield tag="776" ind1="0" ind2="8">
    <subfield code="i">Online version:</subfield>
    <subfield code="a">Westra, Megan K.,</subfield>
    <subfield code="t">Born again and again</subfield>
    <subfield code="d">Harrisonburg : Herald Press, 2020.</subfield>
    <subfield code="z">9781513806761</subfield>
    <subfield code="w">(DLC) 2019059962</subfield>
  </datafield>
</record>