
<record>
  <leader>02943cam a22004098i 4500</leader>
  <controlfield tag="001">21349929</controlfield>
  <controlfield tag="005">20200102174216.0</controlfield>
  <controlfield tag="008">200102s2020    mau      b    001 0 eng  </controlfield>
  <datafield tag="906" ind1=" " ind2=" ">
    <subfield code="a">0</subfield>
    <subfield code="b">ibc</subfield>
    <subfield code="c">orignew</subfield>
    <subfield code="d">1</subfield>
    <subfield code="e">ecip</subfield>
    <subfield code="f">20</subfield>
    <subfield code="g">y-gencatlg</subfield>
  </datafield>
  <datafield tag="925" ind1="0" ind2=" ">
    <subfield code="a">acquire</subfield>
    <subfield code="b">1 shelf copy</subfield>
    <subfield code="x">policy default</subfield>
  </datafield>
  <datafield tag="955" ind1=" " ind2=" ">
    <subfield code="b">xk13 2020-01-02 ;</subfield>
    <subfield code="i">xk13 2020-01-02 (telework) HOLD: to PTCP (CLED)</subfield>
  </datafield>
  <datafield tag="010" ind1=" " ind2=" ">
    <subfield code="a">  2019058064</subfield>
  </datafield>
  <datafield tag="020" ind1=" " ind2=" ">
    <subfield code="a">9789004411388</subfield>
    <subfield code="q">(paperback)</subfield>
  </datafield>
  <datafield tag="020" ind1=" " ind2=" ">
    <subfield code="z">9789004411418</subfield>
    <subfield code="q">(kindle edition)</subfield>
  </datafield>
  <datafield tag="040" ind1=" " ind2=" ">
    <subfield code="a">DLC</subfield>
    <subfield code="b">eng</subfield>
    <subfield code="e">rda</subfield>
    <subfield code="c">DLC</subfield>
  </datafield>
  <datafield tag="041" ind1="0" ind2=" ">
    <subfield code="a">eng</subfield>
    <subfield code="h">fre</subfield>
  </datafield>
  <datafield tag="042" ind1=" " ind2=" ">
    <subfield code="a">pcc</subfield>
  </datafield>
  <datafield tag="050" ind1="0" ind2="0">
    <subfield code="a">PQ2056.S85</subfield>
    <subfield code="b">S55 2020</subfield>
  </datafield>
  <datafield tag="245" ind1="0" ind2="0">
    <subfield code="a">Silence, Implicite et Non-Dit chez Rousseau =</subfield>
    <subfield code="b">Silence, the implicit and the unspoken in Rousseau /</subfield>
    <subfield code="c">édité par/edited by Brigitte Weltman-Aron, Peter Westmoreland, et/and Ourida Mostefai.</subfield>
  </datafield>
  <datafield tag="246" ind1="3" ind2="1">
    <subfield code="a">Silence, the implicit and the unspoken in Rousseau</subfield>
  </datafield>
  <datafield tag="263" ind1=" " ind2=" ">
    <subfield code="a">2003</subfield>
  </datafield>
  <datafield tag="264" ind1=" " ind2="1">
    <subfield code="a">Leiden ;</subfield>
    <subfield code="a">Boston :</subfield>
    <subfield code="b">Brill Rodopi,</subfield>
    <subfield code="c">2020.</subfield>
  </datafield>
  <datafield tag="300" ind1=" " ind2=" ">
    <subfield code="a">pages cm</subfield>
  </datafield>
  <datafield tag="336" ind1=" " ind2=" ">
    <subfield code="a">text</subfield>
    <subfield code="b">txt</subfield>
    <subfield code="2">rdacontent</subfield>
  </datafield>
  <datafield tag="337" ind1=" " ind2=" ">
    <subfield code="a">unmediated</subfield>
    <subfield code="b">n</subfield>
    <subfield code="2">rdamedia</subfield>
  </datafield>
  <datafield tag="338" ind1=" " ind2=" ">
    <subfield code="a">volume</subfield>
    <subfield code="b">nc</subfield>
    <subfield code="2">rdacarrier</subfield>
  </datafield>
  <datafield tag="490" ind1="0" ind2=" ">
    <subfield code="a">Faux titre,</subfield>
    <subfield code="x">01679392 ;</subfield>
    <subfield code="v">volume 438</subfield>
  </datafield>
  <datafield tag="546" ind1=" " ind2=" ">
    <subfield code="a">In English and French.</subfield>
  </datafield>
  <datafield tag="504" ind1=" " ind2=" ">
    <subfield code="a">Includes bibliographical references and index.</subfield>
  </datafield>
  <datafield tag="520" ind1=" " ind2=" ">
    <subfield code="a">&quot;Silence, Implicite et Non-Dit chez Rousseau/Silence, the Implicit, and the Unspoken in Rousseau prend acte d&apos;un grand nombre de publications ayant trait à l&apos;analyse par Rousseau des langues et du langage, de la parole par rapport à l&apos;écriture, de la voix (y compris la voix de la nature). Mais ce volume se consacre tout particulièrement au fonctionnement et aux effets du silence, de l&apos;implicite et du non-dit dans la pensée de Rousseau. Son approche est à la fois polyvalente et cohérente, et ses réflexions sur le silence sont associées à d&apos;autres préoccupations esthétiques, politiques, et morales de son œuvre. Silence, Implicite et Non-Dit chez Rousseau/Silence, the Implicit, and the Unspoken in Rousseau capitalizes on a great number of publications dealing with Rousseau&apos;s analysis of languages and language, speech versus writing, of voice (including the voice of nature). But this volume is particularly dedicated to the study of the functioning and the effects of silence, the implicit and the unspoken in Rousseau&apos;s thought. His approach is both polyvalent and consistent, and his reflections on silence are associated with other aesthetic, political, and moral concerns in his work&quot;--</subfield>
    <subfield code="c">Provided by publisher.</subfield>
  </datafield>
  <datafield tag="600" ind1="1" ind2="0">
    <subfield code="a">Rousseau, Jean-Jacques,</subfield>
    <subfield code="d">1712-1778</subfield>
    <subfield code="x">Critcism and interpretation.</subfield>
  </datafield>
  <datafield tag="650" ind1=" " ind2="0">
    <subfield code="a">Silence in literature.</subfield>
  </datafield>
  <datafield tag="650" ind1=" " ind2="0">
    <subfield code="a">Nonverbal communication in literature.</subfield>
  </datafield>
  <datafield tag="700" ind1="1" ind2=" ">
    <subfield code="a">Weltman-Aron, Brigitte,</subfield>
    <subfield code="d">1961-</subfield>
    <subfield code="e">editor.</subfield>
  </datafield>
  <datafield tag="700" ind1="1" ind2=" ">
    <subfield code="a">Westmoreland, Peter,</subfield>
    <subfield code="e">editor.</subfield>
  </datafield>
  <datafield tag="700" ind1="1" ind2=" ">
    <subfield code="a">Mostefai, Ourida,</subfield>
    <subfield code="e">editor.</subfield>
  </datafield>
  <datafield tag="776" ind1="0" ind2="8">
    <subfield code="i">Online version:</subfield>
    <subfield code="t">Silence, Implicite et Non-Dit chez Rousseau</subfield>
    <subfield code="d">Leiden ; Boston : Brill Rodopi, 2020.</subfield>
    <subfield code="z">9789004411418</subfield>
    <subfield code="w">(DLC) 2019058065</subfield>
  </datafield>
</record>
</collection>
